@inproceedings{paraskevopoulos2017geotagged,
  title={What do Geotagged Tweets Reveal About Mobility Behavior?},
  author={Paraskevopoulos, Pavlos and Palpanas, Themis},
  booktitle={International Workshop on Mobility Analytics for Spatio-temporal and Social Data},
  pages={36--53},
  year={2017},
  organization={Springer}
}
@article{DBLP:journals/corr/NiepertAK16,
  author    = {Mathias Niepert and
               Mohamed Ahmed and
               Konstantin Kutzkov},
  title     = {Learning Convolutional Neural Networks for Graphs},
  journal   = {CoRR},
  volume    = {abs/1605.05273},
  year      = {2016},
  url       = {http://arxiv.org/abs/1605.05273},
  archivePrefix = {arXiv},
  eprint    = {1605.05273},
  timestamp = {Wed, 07 Jun 2017 14:40:09 +0200},
  biburl    = {https://dblp.org/rec/bib/journals/corr/NiepertAK16},
  bibsource = {dblp computer science bibliography, https://dblp.org}
}

@article{ajao2015survey,
  title={A survey of location inference techniques on Twitter},
  author={Ajao, Oluwaseun and Hong, Jun and Liu, Weiru},
  journal={Journal of Information Science},
  volume={41},
  number={6},
  pages={855--864},
  year={2015},
  publisher={Sage Publications Sage UK: London, England}
}

@article{murdock2011your,
  title={Your mileage may vary: on the limits of social media},
  author={Murdock, Vanessa},
  journal={SIGSPATIAL Special},
  volume={3},
  number={2},
  pages={62--66},
  year={2011},
  publisher={ACM}
}

@inproceedings{paraskevopoulos2017tweeloc,
  title={TweeLoC: A system for geolocalizing tweets at fine-grain},
  author={Paraskevopoulos, Pavlos and Pellegrini, Giovanni and Palpanas, Themis},
  booktitle={Data Mining Workshops (ICDMW), 2017 IEEE International Conference on},
  pages={1178--1183},
  year={2017},
  organization={IEEE}
}

@article{paraskevopoulos2016has,
  title={Where has this tweet come from? fast and fine-grained geolocalization of non-geotagged tweets},
  author={Paraskevopoulos, Pavlos and Palpanas, Themis},
  journal={Social Network Analysis and Mining},
  volume={6},
  number={1},
  pages={89},
  year={2016},
  publisher={Springer}
}

@inproceedings{Dave:2016:GIA:2960414.2960416,
 author = {Dave, Ankur and Jindal, Alekh and Li, Li Erran and Xin, Reynold and Gonzalez, Joseph and Zaharia, Matei},
 title = {GraphFrames: An Integrated API for Mixing Graph and Relational Queries},
 booktitle = {Proceedings of the Fourth International Workshop on Graph Data Management Experiences and Systems},
 series = {GRADES '16},
 year = {2016},
 isbn = {978-1-4503-4780-8},
 location = {Redwood Shores, California},
 pages = {2:1--2:8},
 articleno = {2},
 numpages = {8},
 url = {http://doi.acm.org/10.1145/2960414.2960416},
 doi = {10.1145/2960414.2960416},
 acmid = {2960416},
 publisher = {ACM},
 address = {New York, NY, USA},
} 

@inproceedings{Manning2014TheSC,
  title={The Stanford CoreNLP Natural Language Processing Toolkit},
  author={Christopher D. Manning and Mihai Surdeanu and John Bauer and Jenny Rose Finkel and Steven Bethard and David McClosky},
  booktitle={ACL},
  year={2014}
}
@article{arsanjani2015openstreetmap,
  title={OpenStreetMap in GIScience},
  author={Arsanjani, Jamal Jokar and Zipf, Alexander and Mooney, Peter and Helbich, Marco},
  journal={Lecture Notes in Geoinformation and Cartography},
  year={2015},
  publisher={Springer}
}
@article{mooney2017review,
  title={A review of OpenStreetMap data},
  author={Mooney, Peter and Minghini, Marco},
  journal={Mapping and the Citizen Sensor},
  pages={37--59},
  year={2017}
}
@article{stadler2012linkedgeodata,
  title={Linkedgeodata: A core for a web of spatial open data},
  author={Stadler, Claus and Lehmann, Jens and H{\"o}ffner, Konrad and Auer, S{\"o}ren},
  journal={Semantic Web},
  volume={3},
  number={4},
  pages={333--354},
  year={2012},
  publisher={IOS Press}
}

@inproceedings{Zhang:2016:PPC:2872427.2883038,
 author = {Zhang, Jiawei and Yu, Philip S.},
 title = {PCT: Partial Co-Alignment of Social Networks},
 booktitle = {Proceedings of the 25th International Conference on World Wide Web},
 series = {WWW '16},
 year = {2016},
 isbn = {978-1-4503-4143-1},
 location = {Montr\&\#233;al, Qu\&\#233;bec, Canada},
 pages = {749--759},
 numpages = {11},
 url = {https://doi.org/10.1145/2872427.2883038},
 doi = {10.1145/2872427.2883038},
 acmid = {2883038},
 publisher = {International World Wide Web Conferences Steering Committee},
 address = {Republic and Canton of Geneva, Switzerland},
 keywords = {data mining, multiple heterogeneous social networks, partial network co-alignment, unsupervised learning},
} 

@misc{hadoop,
  author = {{Apache Software Foundation}},
  title = {Hadoop},
  url = {https://hadoop.apache.org}
}

% ---------------------------------------------------
% ------------------ Dieter refs -----------------------
% ---------------------------------------------------

@article{vraga2018,
  title={Cancer and Social Media: A Comparison of Traffic about Breast Cancer, Prostate Cancer, and Other Reproductive Cancers on Twitter and Instagram},
  author={Vraga, Emily K and Stefanidis, Anthony and Lamprianidis, Georgios and Croitoru, Arie and Crooks, Andrew T and Delamater, Paul L and PFOSER, Dieter and Radzikowski, Jacek R and Jacobsen, Kathryn H},
  journal={Journal of health communication},
  pages={1--9},
  year={2018},
  publisher={Taylor \& Francis}
}

@article{vraga2017social,
  title={Social Media Engagement With Cancer Awareness Campaigns Declined During the 2016 US Presidential Election},
  author={Vraga, Emily K and Radzikowski, Jacek R and Stefanidis, Anthony and Croitoru, Arie and Crooks, Andrew T and Delamater, Paul L and Pfoser, Dieter and Jacobsen, Kathryn H},
  journal={World Medical \& Health Policy},
  volume={9},
  number={4},
  pages={456--465},
  year={2017},
  publisher={Wiley Online Library}
}

@article{stefanidis2017zika,
  title={Zika in Twitter: Temporal variations of locations, actors, and concepts},
  author={Stefanidis, Anthony and Vraga, Emily and Lamprianidis, Georgios and Radzikowski, Jacek and Delamater, Paul L and Jacobsen, Kathryn H and Pfoser, Dieter and Croitoru, Arie and Crooks, Andrew},
  journal={JMIR public health and surveillance},
  volume={3},
  number={2},
  year={2017},
  publisher={JMIR Publications Inc.}
}


@misc{carto,
  title = {Tableau},
  howpublished = {\url{https://tableau.com}},
  note = {Accessed: 2018-02-25}
}

@misc{wikipedia,
  title = {Wikipedia},
  howpublished = {\url{https://www.wikipedia.org/}},
  note = {Accessed: 2018-02-28}
}


@misc{d3,
  title = {D3 - Data Drive Documents},
  howpublished = {\url{https://d3js.org}},
  note = {Accessed: 2018-02-25}
}

@misc{twofishes,
  title = {Twofishes - A coarse, splitting geocoder and reverse geocoder in scala},
  howpublished = {\url{https://twofishes.net}},
  note = {Accessed: 2018-02-25}
}

@misc{spotlight,
  title = {DBpedia Spotlight},
  howpublished = {\url{http://www.dbpedia-spotlight.org}},
  note = {Accessed: 2018-02-25}
}

@misc{plotly,
  title = {plotly - Modern Visualization for the Data Era},
  howpublished = {\url{https://plot.ly}},
  note = {Accessed: 2018-02-25}
}

@misc{tableau,
  title = {Tableau Software},
  howpublished = {\url{http://www.tableau.com}},
  note = {Accessed: 2018-02-25}
}

@misc{matlab,
  title = {Mathworks Matlab},
  howpublished = {\url{https://www.mathworks.com/products/matlab.html}},
  note = {Accessed: 2018-02-25}
}

@misc{r,
  title = {The R Project for Statistical Computing},
  howpublished = {\url{https://www.r-project.org}},
  note = {Accessed: 2018-02-25}
}

@misc{elasticsearch,
  title = {Elasticsearch - a distributed, RESTful search and analytics engine},
  howpublished = {\url{https://www.elastic.co/products/elasticsearch}},
  note = {Accessed: 2018-02-25}
}

@misc{neo4j,
  title = {neo4j Graph Database},
  howpublished = {\url{http://neo4j-org-dev.herokuapp.com}},
  note = {Accessed: 2018-02-25}
}

% ---------------------------------------------------
% ------------------ Matthias refs-----------------------
% ---------------------------------------------------
@inproceedings{matyas2008cityexp,
  title={Designing location-based mobile games with a purpose: collecting geospatial data with CityExplorer},
  author={Matyas, Sebastian and Matyas, Christian and Schlieder, Christoph and Kiefer, Peter and Mitarai, Hiroko and Kamata, Maiko},
  booktitle={Proceedings of the 2008 international conference on advances in computer entertainment technology},
  pages={244--247},
  year={2008},
  organization={ACM}
}

@inproceedings{celino2012urbanopoly,
  title={Urbanopoly--A Social and Location-Based Game with a Purpose to Crowdsource Your Urban Data},
  author={Celino, Irene and Cerizza, Dario and Contessa, Simone and Corubolo, Marta and Dell'Aglio, Daniele and Valle, Emanuele Della and Fumeo, Stefano},
  booktitle={Privacy, Security, Risk and Trust (PASSAT), 2012 International Conference on and 2012 International Confernece on Social Computing (SocialCom)},
  pages={910--913},
  year={2012},
  organization={IEEE}
}

@inproceedings{vonahn2013duolingo,
  title={Duolingo: learn a language for free while helping to translate the web},
  author={von Ahn, Luis},
  booktitle={Proceedings of the 2013 international conference on Intelligent user interfaces},
  pages={1--2},
  year={2013},
  organization={ACM}
}

@article{vonahn2006gwap,
  title={Games with a purpose},
  author={Von Ahn, Luis},
  journal={Computer},
  volume={39},
  number={6},
  pages={92--94},
  year={2006},
  publisher={IEEE}
}

@inproceedings{vonahn2006peekaboom,
  title={Peekaboom: a game for locating objects in images},
  author={Von Ahn, Luis and Liu, Ruoran and Blum, Manuel},
  booktitle={Proceedings of the SIGCHI conference on Human Factors in computing systems},
  pages={55--64},
  year={2006},
  organization={ACM}
}

@article{khatib2011foldit,
  title={Algorithm discovery by protein folding game players},
  author={Khatib, Firas and Cooper, Seth and Tyka, Michael D and Xu, Kefan and Makedon, Ilya and Popovi{\'c}, Zoran and Baker, David},
  journal={Proceedings of the National Academy of Sciences},
  volume={108},
  number={47},
  pages={18949--18953},
  year={2011},
  publisher={National Acad Sciences}
}

@article{howe2006,
  title={The rise of crowdsourcing},
  author={Howe, Jeff},
  journal={Wired magazine},
  volume={14},
  number={6},
  pages={1--4},
  year={2006}
}

@article{goodchild2007,
  title={Citizens as sensors: the world of volunteered geography},
  author={Goodchild, Michael F},
  journal={GeoJournal},
  volume={69},
  number={4},
  pages={211--221},
  year={2007},
  publisher={Springer}
}

%--------SRE stuff----------

@inproceedings{sonex,
	Author = {Filipe Mesquita and Jordan Schmidek and Denilson Barbosa},
	Booktitle = {Proc. of the Conf. on Empirical Methods in Natural Language Processing},
	Pages = {447--457},
	Title = {Effectiveness and Efficiency of Open Relation Extraction}}

@incollection{bunescu2006subsequence,
	Author = {Bunescu, Razvan and Mooney, Raymond},
	Booktitle = {Advances in Neural Information Processing Systems 18},
	Pages = {171--178},
	Title = {{Subsequence Kernels for Relation Extraction}}}

@inproceedings{ReVerb,
	Author = {Anthony Fader and Stephen Soderland and Oren Etzioni},
	Booktitle = {Proc. of the Conf. of Empirical Methods in Natural Language Processing ({EMNLP} '11)},
	Title = {Identifying Relations for Open Information Extraction}}

@article{wanderlust09,
	Author = {Wanderlust},
	Journal = {Proc. of the Workshop on Semantic Search (SemSearch 2009) at the 18th Int. World Wide Web Conf. (WWW 2009)},
	Title = {{Extracting Semantic Relations from NaturalLanguage Text Using Dependency Grammar Patterns}}}

@article{Kalashnikov2,
	Author = {Ma, Yiming and Kalashnikov, Dmitri V. and Mehrotra, Sharad},
	Journal = {IEEE Trans. on Knowl. and Data Eng.},
	Number = {10},
	Pages = {1408--1423},
	Title = {Toward Managing Uncertain Spatial Information for Situational Awareness Applications},
	Volume = {20},
	Year = {2008}}

@article{Zelenko,
	Author = {Zelenko, Dmitry and Aone, Chinatsu and Richardella, Anthony},
	Journal = {J. Mach. Learn. Res.},
	Pages = {1083--1106},
	Title = {Kernel methods for relation extraction}}

@article{spatialrolelabel,
	Author = {Kordjamshidi, Parisa and van Otterlo, Martijn and Moens, Marie-Francine},
	Journal = {ACM Transactions on Speech and Language Processing},
	Pages = {article 4, 36 p},
	Title = {Spatial role labeling: {T}owards extraction of spatial relations from natural language}}

@inproceedings{extrir,
	Author = {Yecheng Yuan},
	Booktitle = {2011 19th Int'l Conf. on Geoinformatics},
	Pages = {1 -5},
	Title = {Extracting spatial relations from document for geographic information retrieval}}

@inproceedings{svmextr,
	Author = {Xueying Zhang and Chunju Zhang and Chaoli Du and Shaonan Zhu},
	Booktitle = {2011 IEEE Int'l Conf. on Spatial Data Mining and Geographical Knowledge Services (ICSDM)},
	Pages = {529 -533},
	Title = {SVM based extraction of spatial relations in text}}

@inproceedings{egenhof1,
	Author = {Egenhofer, M. J. and Herring, J.},
	Booktitle = {Int'l Symp. on Spatial Data Handling},
	Title = {A mathematical framework for the definitions of topological relationships}}

@incollection{egenhof2,
	Author = {Egenhofer, Max},
	Pages = {457--472},
	Title = {{A formal definition of binary topological relationships}},
	Year = {1989}}

@inproceedings{egenhof3,
	Author = {Max J. Egenhofer and Jayant Sharma},
	Pages = {316-336},
	Title = {Topological Relations Between Regions in R$^2$ and Z$^2$},
	Year = {1993}}

@article{Kainz,
	Author = {Wolfgang Kainz and Max J. Egenhofer and Ian Greasley},
	Journal = {Int'l Journal of Geographical Information Systems},
	Pages = {215--229},
	Title = {Modeling Spatial Relations and Operations with Partially Ordered Sets},
	Volume = {7},
	Year = {1993}}

@article{guting1994,
	Author = {G\"{u}ting, Ralf Hartmut},
	Journal = {The VLDB Journal},
	Number = {4},
	Pages = {357--399},
	Title = {An introduction to spatial database systems},
	Volume = {3},
	Year = {1994}}

@misc{Papadias94theretrieval,
	Author = {Dimitris Papadias and Yannis Theodoridis and Timos Sellis},
	Title = {The Retrieval of Direction Relations using R-trees},
	Year = {1994}}

@proceedings{chorochron2,
	Editor = {Manolis Koubarakis and Timos K. Sellis and Andrew U. Frank and St{\'e}phane Grumbach and Ralf Hartmut G{\"u}ting and Christian S. Jensen and Nikos A. Lorentzos and Yannis Manolopoulos and Enrico Nardelli and Barbara Pernici and Hans-J{\"o}rg Schek and Michel Scholl and Babis Theodoulidis and Nectaria Tryfona},
	Series = {Lecture Notes in Computer Science},
	Title = {Spatio-Temporal Databases: The Chorochronos Approach},
	Year = {2003}}

@inproceedings{Kalashnikov1,
	Author = {Kalashnikov, Dmitri V. and Ma, Yiming and Mehrotra, Sharad and Hariharan, Ramaswamy and Butts, Carter},
	Booktitle = {Proc. of the 14th annual ACM Int'l Symposium on Advances in Geographic Information Systems},
	Pages = {131--138},
	Title = {Modeling and querying uncertain spatial information for situational awareness applications},
	Year = {2006}}

@article{Papadias,
	Author = {Papadias, Dimitris and Sellis, Timos},
	Journal = {The VLDB Journal},
	Number = {4},
	Pages = {479--516},
	Title = {Qualitative representation of spatial knowledge in two-dimensional space},
	Volume = {3},
	Year = {1994}}

@article{fuzzyquantrep,
	Author = {Xu, J. and Yao, C.},
	Journal = {Proc. of Spie the Int'l Society for Optical Engineering},
	Title = {Formalizing natural-language spatial relations descriptions with fuzzy decision tree algorithm},
	Volume = {6420}}

@inproceedings{im2gps,
	Author = {James Hays and Alexei A. Efros},
	Booktitle = {Proc. of the {IEEE} Conf. on Computer Vision and Pattern Recognition ({CVPR})},
	Title = {im2gps: estimating geographic information from a single image},
	Year = {2008}}

@incollection{roboticsquantrep,
	Author = {Smith, R. and Self, M. and Cheeseman, P.},
	Pages = {167--193},
	Title = {Autonomous robot vehicles},
	Year = {1990}}

@article{carlson2006corpus,
  title={Interpreting spatial terms involves simulating interactions},
  author={Carlson, Laura and Kenny, Ryan},
  journal={Psychonomic bulletin \& review},
  volume={13},
  number={4},
  pages={682--688},
  year={2006},
  publisher={Springer}
}

@inproceedings{schockaert2008corpus,
  title={Mining topological relations from the web},
  author={Schockaert, Steven and Smart, Philip D and Abdelmoty, Alia I and Jones, Christopher B},
  booktitle={Database and Expert Systems Application, 2008. DEXA'08. 19th International Workshop on},
  pages={652--656},
  year={2008},
  organization={IEEE}
}

@inproceedings{vasardani2012corpus,
  title={Spatial interpretations of preposition at},
  author={Vasardani, Maria and Winter, Stephan and Richter, Kai-Florian and Stirling, Lesley and Richter, Daniela},
  booktitle={Proceedings of the 1st ACM SIGSPATIAL International Workshop on Crowdsourced and Volunteered Geographic Information},
  pages={46--53},
  year={2012},
  organization={ACM}
}

@article{hund2007counts,
  title={What counts as by? Young children's use of relative distance to judge nearbyness.},
  author={Hund, Alycia M and Plumert, Jodie M},
  journal={Developmental Psychology},
  volume={43},
  number={1},
  pages={121},
  year={2007},
  publisher={American Psychological Association}
}

@article{carlson1996influence,
  title={The influence of functional relations on spatial term selection},
  author={Carlson-Radvansky, Laura A and Radvansky, Gabriel A},
  journal={Psychological Science},
  volume={7},
  number={1},
  pages={56--60},
  year={1996},
  publisher={SAGE Publications Sage CA: Los Angeles, CA}
}

@incollection{talmy1983language,
  title={How language structures space},
  author={Talmy, Leonard},
  booktitle={Spatial orientation},
  pages={225--282},
  year={1983},
  publisher={Springer}
}

@article{janzen2006memory,
  title={Memory for object location and route direction in virtual large-scale space},
  author={Janzen, Gabriele},
  journal={The Quarterly Journal of Experimental Psychology},
  volume={59},
  number={3},
  pages={493--508},
  year={2006},
  publisher={Taylor \& Francis}
}

@article{miller2011selecting,
  title={Selecting landmarks in novel environments},
  author={Miller, Jared and Carlson, Laura},
  journal={Psychonomic bulletin \& review},
  volume={18},
  number={1},
  pages={184--191},
  year={2011},
  publisher={Springer}
}

@article{carlson2014strategies,
  title={Strategies for Human-Driven Robot Comprehension of Spatial Descriptions by Older Adults in a Robot Fetch Task},
  author={Carlson, Laura and Skubic, Marjorie and Miller, Jared and Huo, Zhiyu and Alexenko, Tatiana},
  journal={Topics in cognitive science},
  volume={6},
  number={3},
  pages={513--533},
  year={2014},
  publisher={Wiley Online Library}
}

@book{clark1996using,
  title={Using language},
  author={Clark, Herbert H},
  year={1996},
  publisher={Cambridge university press}
}

@article{plumert1995content,
  title={The content and organization of communication about object locations},
  author={Plumert, Jodie M and Carswell, Christopher and Devet, Kathy and Ihrig, Damien},
  journal={Journal of Memory and Language},
  volume={34},
  number={4},
  pages={477--498},
  year={1995},
  publisher={Elsevier}
}

@inproceedings{carlson2013assessing,
  title={Assessing the effectiveness of older adults' spatial descriptions in a fetch task.},
  author={Carlson, Laura A and Skubic, Marjorie and Miller, Jared and Huo, Zhiyu and Alexenko, Tatiana},
  booktitle={CogSci},
  year={2013}
}

@book{carlson2005functional,
  title={Functional features in language and space: insights from perception, categorization, and development},
  author={Carlson, Laura and Van der Zee, Emile},
  volume={2},
  year={2005},
  publisher={Oxford University Press on Demand}
}

@article{carlson2008whats,
  title={On the “whats” and “hows” of “where”: the role of salience in spatial descriptions},
  author={Carlson, Laura},
  journal={Spatial Cognition VI. Learning, Reasoning, and Talking about Space},
  pages={4--6},
  year={2008},
  publisher={Springer}
}

%top
@book{coventry2004saying,
  title={Saying, seeing and acting: The psychological semantics of spatial prepositions},
  author={Coventry, Kenny R and Garrod, Simon C},
  year={2004},
  publisher={Psychology Press}
}
%top
@article{landau1993whence,
  title={Whence and whither in spatial language and spatial cognition?},
  author={Landau, Barbara and Jackendoff, Ray},
  journal={Behavioral and brain sciences},
  volume={16},
  number={2},
  pages={255--265},
  year={1993},
  publisher={Cambridge University Press}
}

@book{tyler2003semantics,
  title={The semantics of English prepositions: Spatial scenes, embodied meaning, and cognition},
  author={Tyler, Andrea and Evans, Vyvyan},
  year={2003},
  publisher={Cambridge University Press}
}

@inproceedings{jensen2007evaluation,
  title={Evaluation of distance measures between Gaussian mixture models of MFCCs},
  author={Jensen, Jesper H{\o}jvang and Ellis, Dan PW and Christensen, Mads Gr{\ae}sb{\o}ll and Jensen, S{\o}ren Holdt},
  booktitle={International Conference on Music Information Retrieval},
  pages={107--108}
}

@inproceedings{bohm2006gauss,
  title={The gauss-tree: Efficient object identification in databases of probabilistic feature vectors},
  author={Bohm, Christian and Pryakhin, Alexey and Schubert, Matthias},
  booktitle={Data Engineering, 2006. ICDE'06. Proceedings of the 22nd International Conference on},
  pages={9--9},
  year={2006},
  organization={IEEE}
}


@inproceedings{lamprianidis2014extraction,
  title={Extraction, integration and analysis of crowdsourced points of interest from multiple web sources},
  author={Lamprianidis, George and Skoutas, Dimitrios and Papatheodorou, George and Pfoser, Dieter},
  booktitle={Proceedings of the 3rd ACM SIGSPATIAL International Workshop on Crowdsourced and Volunteered Geographic Information},
  pages={16--23},
  year={2014},
  organization={ACM}
}

@article{kullback1951information,
  title={On information and sufficiency},
  author={Kullback, Solomon and Leibler, Richard A},
  journal={The annals of mathematical statistics},
  volume={22},
  number={1},
  pages={79--86},
  year={1951},
  publisher={JSTOR}
}

@article{rubner2000earth,
  title={The earth mover's distance as a metric for image retrieval},
  author={Rubner, Yossi and Tomasi, Carlo and Guibas, Leonidas J},
  journal={International journal of computer vision},
  volume={40},
  number={2},
  pages={99--121},
  year={2000},
  publisher={Springer}
}

@inproceedings{zufle2014representative,
  title={Representative clustering of uncertain data},
  author={Z{\"u}fle, Andreas and Emrich, Tobias and Schmid, Klaus Arthur and Mamoulis, Nikos and Zimek, Arthur and Renz, Matthias},
  booktitle={Proceedings of the 20th ACM SIGKDD international conference on Knowledge discovery and data mining},
  pages={243--252},
  year={2014},
  organization={ACM}
}

@inproceedings{kriegel2006probabilistic,
  title={Probabilistic similarity join on uncertain data},
  author={Kriegel, Hans-Peter and Kunath, Peter and Pfeifle, Martin and Renz, Matthias},
  booktitle={DASFAA},
  volume={6},
  pages={295--309},
  year={2006},
  organization={Springer}
}

@article{kanungo2002efficient,
  title={An efficient k-means clustering algorithm: Analysis and implementation},
  author={Kanungo, Tapas and Mount, David M and Netanyahu, Nathan S and Piatko, Christine D and Silverman, Ruth and Wu, Angela Y},
  journal={IEEE transactions on pattern analysis and machine intelligence},
  volume={24},
  number={7},
  pages={881--892},
  year={2002},
  publisher={IEEE}
}

@article{kriegel2011density,
  title={Density-based clustering},
  author={Kriegel, Hans-Peter and Kr{\"o}ger, Peer and Sander, J{\"o}rg and Zimek, Arthur},
  journal={Wiley Interdisciplinary Reviews: Data Mining and Knowledge Discovery},
  volume={1},
  number={3},
  pages={231--240},
  year={2011},
  publisher={Wiley Online Library}
}

@inproceedings{emrich2012querying,
  title={Querying uncertain spatio-temporal data},
  author={Emrich, Tobias and Kriegel, Hans-Peter and Mamoulis, Nikos and Renz, Matthias and Zufle, Andreas},
  booktitle={Data Engineering (ICDE), 2012 IEEE 28th International Conference on},
  pages={354--365},
  year={2012},
  organization={IEEE}
}

@inproceedings{assfalg2009probabilistic,
  title={Probabilistic Similarity Search for Uncertain Time Series.},
  author={A{\ss}falg, Johannes and Kriegel, Hans-Peter and Kr{\"o}ger, Peer and Renz, Matthias},
  booktitle={SSDBM},
  pages={435--443},
  year={2009},
  organization={Springer}
}

@article{niedermayer2013probabilistic,
  title={Probabilistic nearest neighbor queries on uncertain moving object trajectories},
  author={Niedermayer, Johannes and Z{\"u}fle, Andreas and Emrich, Tobias and Renz, Matthias and Mamoulis, Nikos and Chen, Lei and Kriegel, Hans-Peter},
  journal={Proceedings of the VLDB Endowment},
  volume={7},
  number={3},
  pages={205--216},
  year={2013},
  publisher={VLDB Endowment}
}

@inproceedings{emrich2012indexing,
  title={Indexing uncertain spatio-temporal data},
  author={Emrich, Tobias and Kriegel, Hans-Peter and Mamoulis, Nikos and Renz, Matthias and Z{\"u}fle, Andreas},
  booktitle={Proceedings of the 21st ACM international conference on Information and knowledge management},
  pages={395--404},
  year={2012},
  organization={ACM}
}


@article{kriegel2007probabilistic,
  title={Probabilistic nearest-neighbor query on uncertain objects},
  author={Kriegel, Hans-Peter and Kunath, Peter and Renz, Matthias},
  journal={Advances in databases: concepts, systems and applications},
  pages={337--348},
  year={2007},
  publisher={Springer}
}

@article{mokbel2003spatio,
  title={Spatio-temporal access methods},
  author={Mokbel, Mohamed F. and Ghanem, Thanaa M. and Aref, Walid G.},
  journal={IEEE Data Eng. Bull.},
  volume={26},
  number={2},
  pages={40--49},
  year={2003}
}



@inproceedings{pfoser2000novel,
  title={Novel approaches to the indexing of moving object trajectories.},
  author={Pfoser, Dieter and Jensen, Christian S and Theodoridis, Yannis and others},
  booktitle={VLDB},
  pages={395--406},
  year={2000}
}

@techreport{yufei2000mv3r,
  title={MV3R-tree: A spatio-temporal access method for timestamp and interval queries},
  author={Yufei, Tao and Papadias, Dimitris},
  year={2000},
  institution={Technical Report HKUST-CS00}
}

@inproceedings{theodoridis1996spatio,
  title={Spatio-temporal indexing for large multimedia applications},
  author={Theodoridis, Yannis and Vazirgiannis, Michael and Sellis, Timos},
  booktitle={Multimedia Computing and Systems, 1996., Proceedings of the Third IEEE International Conference on},
  pages={441--448},
  year={1996},
  organization={IEEE}
}



@article{schneider2008fuzzy,
  title={Fuzzy Spatial Data Types for Spatial Uncertainty Management in Databases.},
  author={Schneider, Markus},
  journal={Handbook of research on fuzzy information processing in databases},
  volume={2},
  pages={490--515},
  year={2008}
}

@inproceedings{ljosa2008top,
  title={Top-k spatial joins of probabilistic objects},
  author={Ljosa, Vebjorn and Singh, Ambuj K},
  booktitle={Data Engineering, 2008. ICDE 2008. IEEE 24th International Conference on},
  pages={566--575},
  year={2008},
  organization={IEEE}
}

@inproceedings{ljosa2007apla,
  title={APLA: Indexing arbitrary probability distributions},
  author={Ljosa, Vebjorn and Singh, Ambuj K},
  booktitle={Data Engineering, 2007. ICDE 2007. IEEE 23rd International Conference on},
  pages={946--955},
  year={2007},
  organization={IEEE}
}

@article{lakshmanan1997probview,
  title={Probview: A flexible probabilistic database system},
  author={Lakshmanan, Laks VS and Leone, Nicola and Ross, Robert and Subrahmanian, Venkatramanan Siva},
  journal={ACM Transactions on Database Systems (TODS)},
  volume={22},
  number={3},
  pages={419--469},
  year={1997},
  publisher={ACM}
}

@article{barbara1992management,
  title={The management of probabilistic data},
  author={Barbar{\'a}, Daniel and Garcia-Molina, Hector and Porter, Daryl},
  journal={IEEE Transactions on knowledge and data engineering},
  volume={4},
  number={5},
  pages={487--502},
  year={1992},
  publisher={IEEE}
}

@inproceedings{cavallo1987theory,
  title={The theory of probabilistic databases.},
  author={Cavallo, Roger and Pittarelli, Michael},
  booktitle={VLDB},
  volume={87},
  pages={1--4},
  year={1987}
}

@article{fagin1994reasoning,
  title={Reasoning about knowledge and probability},
  author={Fagin, Ronald and Halpern, Joseph Y},
  journal={Journal of the ACM (JACM)},
  volume={41},
  number={2},
  pages={340--367},
  year={1994},
  publisher={ACM}
}

@inproceedings{antova2008fast,
  title={Fast and simple relational processing of uncertain data},
  author={Antova, Lyublena and Jansen, Thomas and Koch, Christoph and Olteanu, Dan},
  booktitle={Data Engineering, 2008. ICDE 2008. IEEE 24th International Conference on},
  pages={983--992},
  year={2008},
  organization={IEEE}
}

@inproceedings{boulos2005mystiq,
  title={MYSTIQ: a system for finding more answers by using probabilities},
  author={Boulos, Jihad and Dalvi, Nilesh and Mandhani, Bhushan and Mathur, Shobhit and Re, Chris and Suciu, Dan},
  booktitle={Proceedings of the 2005 ACM SIGMOD international conference on Management of data},
  pages={891--893},
  year={2005},
  organization={ACM}
}

@article{widom2008trio,
  title={Trio: A system for data, uncertainty, and lineage},
  author={Widom, Jennifer},
  journal={Managing and Mining Uncertain Data},
  volume={35},
  year={2008},
  publisher={Springer}
}

@inproceedings{jampani2008mcdb,
  title={MCDB: a monte carlo approach to managing uncertain data},
  author={Jampani, Ravi and Xu, Fei and Wu, Mingxi and Perez, Luis Leopoldo and Jermaine, Christopher and Haas, Peter J},
  booktitle={Proceedings of the 2008 ACM SIGMOD international conference on Management of data},
  pages={687--700},
  year={2008},
  organization={ACM}
}

@article{li2010ranking,
  title={Ranking continuous probabilistic datasets},
  author={Li, Jian and Deshpande, Amol},
  journal={Proceedings of the VLDB Endowment},
  volume={3},
  number={1-2},
  pages={638--649},
  year={2010},
  publisher={VLDB Endowment}
}

@article{jestes2011semantics,
  title={Semantics of ranking queries for probabilistic data},
  author={Jestes, Jeffrey and Cormode, Graham and Li, Feifei and Yi, Ke},
  journal={IEEE Transactions on Knowledge and Data Engineering},
  volume={23},
  number={12},
  pages={1903--1917},
  year={2011},
  publisher={IEEE}
}

@article{li2011unified,
  title={A unified approach to ranking in probabilistic databases},
  author={Li, Jian and Saha, Barna and Deshpande, Amol},
  journal={The VLDB Journal—The International Journal on Very Large Data Bases},
  volume={20},
  number={2},
  pages={249--275},
  year={2011},
  publisher={Springer-Verlag New York, Inc.}
}

@inproceedings{hua2008ranking,
  title={Ranking queries on uncertain data: a probabilistic threshold approach},
  author={Hua, Ming and Pei, Jian and Zhang, Wenjie and Lin, Xuemin},
  booktitle={Proceedings of the 2008 ACM SIGMOD international conference on Management of data},
  pages={673--686},
  year={2008},
  organization={ACM}
}

@inproceedings{soliman2009ranking,
  title={Ranking with uncertain scores},
  author={Soliman, Mohamed A and Ilyas, Ihab F},
  booktitle={Data Engineering, 2009. ICDE'09. IEEE 25th International Conference on},
  pages={317--328},
  year={2009},
  organization={IEEE}
}

@article{tao2007range,
  title={Range search on multidimensional uncertain data},
  author={Tao, Yufei and Xiao, Xiaokui and Cheng, Reynold},
  journal={ACM Transactions on Database Systems (TODS)},
  volume={32},
  number={3},
  pages={15},
  year={2007},
  publisher={ACM}
}

@inproceedings{patroumpas2012probabilistic,
  title={Probabilistic Range Monitoring of Streaming Uncertain Positions in GeoSocial Networks.},
  author={Patroumpas, Kostas and Papamichalis, Marios and Sellis, Timos K},
  booktitle={SSDBM},
  pages={20--37},
  year={2012},
  organization={Springer}
}

@inproceedings{kriegel2006probabilistic,
  title={Probabilistic similarity join on uncertain data},
  author={Kriegel, Hans-Peter and Kunath, Peter and Pfeifle, Martin and Renz, Matthias},
  booktitle={DASFAA},
  volume={6},
  pages={295--309},
  year={2006},
  organization={Springer}
}

@article{kriegel2007probabilistic,
  title={Probabilistic nearest-neighbor query on uncertain objects},
  author={Kriegel, Hans-Peter and Kunath, Peter and Renz, Matthias},
  journal={Advances in databases: concepts, systems and applications},
  pages={337--348},
  year={2007},
  publisher={Springer}
}

@article{lian2010generic,
  title={A generic framework for handling uncertain data with local correlations},
  author={Lian, Xiang and Chen, Lei},
  journal={Proceedings of the VLDB Endowment},
  volume={4},
  number={1},
  pages={12--21},
  year={2010},
  publisher={VLDB Endowment}
}

@article{bernecker2010scalable,
  title={Scalable probabilistic similarity ranking in uncertain databases},
  author={Bernecker, Thomas and Kriegel, Hans-Peter and Mamoulis, Nikos and Renz, Matthias and Zuefle, Andreas},
  journal={IEEE Transactions on Knowledge and Data Engineering},
  volume={22},
  number={9},
  pages={1234--1246},
  year={2010},
  publisher={IEEE}
}

@inproceedings{cheng2004efficient,
  title={Efficient indexing methods for probabilistic threshold queries over uncertain data},
  author={Cheng, Reynold and Xia, Yuni and Prabhakar, Sunil and Shah, Rahul and Vitter, Jeffrey Scott},
  booktitle={Proceedings of the Thirtieth international conference on Very large data bases-Volume 30},
  pages={876--887},
  year={2004},
  organization={VLDB Endowment}
}

@inproceedings{tao2005indexing,
  title={Indexing multi-dimensional uncertain data with arbitrary probability density functions},
  author={Tao, Yufei and Cheng, Reynold and Xiao, Xiaokui and Ngai, Wang Kay and Kao, Ben and Prabhakar, Sunil},
  booktitle={Proceedings of the 31st international conference on Very large data bases},
  pages={922--933},
  year={2005},
  organization={VLDB Endowment}
}

@inproceedings{bernecker2011novel,
  title={A novel probabilistic pruning approach to speed up similarity queries in uncertain databases},
  author={Bernecker, Thomas and Emrich, Tobias and Kriegel, Hans-Peter and Mamoulis, Nikos and Renz, Matthias and Z{\"u}fle, Andreas},
  booktitle={Data Engineering (ICDE), 2011 IEEE 27th International Conference on},
  pages={339--350},
  year={2011},
  organization={IEEE}
}

@article{tao2007range,
  title={Range search on multidimensional uncertain data},
  author={Tao, Yufei and Xiao, Xiaokui and Cheng, Reynold},
  journal={ACM Transactions on Database Systems (TODS)},
  volume={32},
  number={3},
  pages={15},
  year={2007},
  publisher={ACM}
}

@inproceedings{zhang2010efficient,
  title={Efficient rank based knn query processing over uncertain data},
  author={Zhang, Ying and Lin, Xuemin and Zhu, Gaoping and Zhang, Wenjie and Lin, Qianlu},
  booktitle={Data Engineering (ICDE), 2010 IEEE 26th International Conference on},
  pages={28--39},
  year={2010},
  organization={IEEE}
}

@article{schneider2008fuzzy,
  title={Fuzzy Spatial Data Types for Spatial Uncertainty Management in Databases.},
  author={Schneider, Markus},
  journal={Handbook of research on fuzzy information processing in databases},
  volume={2},
  pages={490--515},
  year={2008}
}

@inproceedings{cheng2009evaluating,
  title={Evaluating probability threshold k-nearest-neighbor queries over uncertain data},
  author={Cheng, Reynold and Chen, Lei and Chen, Jinchuan and Xie, Xike},
  booktitle={Proceedings of the 12th International Conference on Extending Database Technology: Advances in Database Technology},
  pages={672--683},
  year={2009},
  organization={ACM}
}

@article{bernecker2011efficient,
  title={Efficient probabilistic reverse nearest neighbor query processing on uncertain data},
  author={Bernecker, Thomas and Emrich, Tobias and Kriegel, Hans-Peter and Renz, Matthias and Zankl, Stefan and Z{\"u}fle, Andreas},
  journal={Proceedings of the VLDB Endowment},
  volume={4},
  number={10},
  pages={669--680},
  year={2011},
  publisher={VLDB Endowment}
}

@inproceedings{bohm2006probabilistic,
  title={Probabilistic ranking queries on gaussians},
  author={Bohm, Christian and Pryakhin, Alexey and Schubert, Matthias},
  booktitle={Scientific and Statistical Database Management, 2006. 18th International Conference on},
  pages={169--178},
  year={2006},
  organization={IEEE}
}

@article{shi2017survey,
  title={A survey of heterogeneous information network analysis},
  author={Shi, Chuan and Li, Yitong and Zhang, Jiawei and Sun, Yizhou and Philip, S Yu},
  journal={IEEE Transactions on Knowledge and Data Engineering},
  volume={29},
  number={1},
  pages={17--37},
  year={2017},
  publisher={IEEE}
}

@article{zheng2015methodologies,
  title={Methodologies for cross-domain data fusion: An overview},
  author={Zheng, Yu},
  journal={IEEE transactions on big data},
  volume={1},
  number={1},
  pages={16--34},
  year={2015},
  publisher={IEEE}
}

@inproceedings{han2009mining,
  title={Mining heterogeneous information networks by exploring the power of links},
  author={Han, Jiawei},
  booktitle={International Conference on Discovery Science},
  pages={13--30},
  year={2009},
  organization={Springer}
}

@inproceedings{han2010mining,
  title={Mining heterogeneous information networks},
  author={Han, Jiawei and Sun, Yizhou and Yan, Xifeng and Yu, Philip S},
  booktitle={Tutorial at the 2010 ACM SIGKDD Conf. on Knowledge Discovery and Data Mining (KDD'10), Washington, DC},
  year={2010}
}

@article{sun2013mining,
  title={Mining heterogeneous information networks: a structural analysis approach},
  author={Sun, Yizhou and Han, Jiawei},
  journal={Acm Sigkdd Explorations Newsletter},
  volume={14},
  number={2},
  pages={20--28},
  year={2013},
  publisher={ACM}
}

@inproceedings{huang2016meta,
  title={Meta structure: Computing relevance in large heterogeneous information networks},
  author={Huang, Zhipeng and Zheng, Yudian and Cheng, Reynold and Sun, Yizhou and Mamoulis, Nikos and Li, Xiang},
  booktitle={Proceedings of the 22nd ACM SIGKDD International Conference on Knowledge Discovery and Data Mining},
  pages={1595--1604},
  year={2016},
  organization={ACM}
}

@misc{shadowelite,
    title = {Shadow Influence Project website},
    key = {Shadow},
    howpublished = {http://www.shadowelite.net/}
}

@misc{website:LinguisticDataConsortium,
    title = {Linguistic Data Consortium},
    key = {LDC},
    howpublished = {http://catalog.ldc.upenn.edu/LDC2011T07}
}


@misc{bender2010,
    author = {Bryan Bender},
    howpublished = {http://archive.boston.com/news/nation/washington/specials/122610\_generals\_list/}
}

@misc{Ahmed2012,
    author = {Azam Ahmed},
    howpublished = {https://dealbook.nytimes.com/2012/07/01/in-caymans-its-simple-to-fill-a-hedge-fund-board/}
}

@misc{website:crunchbase,
    key = {crunchbase},
    howpublished = {https://www.crunchbase.com/}
}

@misc{website:SeedDB,
    author = {SeedDB},
    key = {seeddb},
    howpublished = {https://www.seed-db.com}
}

@misc{website:Virtuoso,
    author = {Virtuoso},
    howpublished = {http://virtuoso.openlinksw.com}
}

@misc{website:Parliament,
    author = {Parliament},
    howpublished = {http://parliament.semwebcentral.org}
}


@inproceedings{kyzirakos2012strabon,
  title={Strabon: a semantic geospatial DBMS},
  author={Kyzirakos, Kostis and Karpathiotakis, Manos and Koubarakis, Manolis},
  booktitle={International Semantic Web Conference},
  pages={295--311},
  year={2012},
  organization={Springer}
}

@inproceedings{brodt2010deep,
  title={Deep integration of spatial query processing into native RDF triple stores},
  author={Brodt, Andreas and Nicklas, Daniela and Mitschang, Bernhard},
  booktitle={Proceedings of the 18th SIGSPATIAL International Conference on Advances in Geographic Information Systems},
  pages={33--42},
  year={2010},
  organization={ACM}
}

@inproceedings{wang2012geo,
  title={Geo-store: a spatially-augmented sparql query evaluation system},
  author={Wang, Chih-Jye and Ku, Wei-Shinn and Chen, Haiquan},
  booktitle={Proceedings of the 20th International Conference on Advances in Geographic Information Systems},
  pages={562--565},
  year={2012},
  organization={ACM}
}

@inproceedings{wang2013s,
  title={S-store: An engine for large rdf graph integrating spatial information},
  author={Wang, Dong and Zou, Lei and Feng, Yansong and Shen, Xuchuan and Tian, Jilei and Zhao, Dongyan},
  booktitle={International Conference on Database Systems for Advanced Applications},
  pages={31--47},
  year={2013},
  organization={Springer}
}




@article{stalebrink2010prudent,
  title={Prudent public sector investing and modern portfolio theory: An examination of public sector defined benefit pension plans},
  author={Stalebrink, Odd J and Kriz, Kenneth A and Guo, Weiyu},
  journal={Public Budgeting \& Finance},
  volume={30},
  number={4},
  pages={28--46},
  year={2010},
  publisher={Wiley Online Library}
}

@article{stewart2007pension,
  title={Pension fund investment in hedge funds},
  author={Stewart, Fiona},
  year={2007},
  publisher={OECD Publishing}
}

@article{shadab2013hedge,
  title={Hedge fund governance},
  author={Shadab, Houman B},
  journal={Stan. JL Bus. \& Fin.},
  volume={19},
  pages={141},
  year={2013},
  publisher={HeinOnline}
}

@article{sa2017hedge,
  title={Hedge Fund Governance},
  author={SA, MIRSAADI},
  journal={Hedge Funds: Structure, Strategies, and Performance},
  pages={93},
  year={2017},
  publisher={Oxford University Press}
}

@article{Liben-Nowell2007,
 author = {Liben-Nowell, David and Kleinberg, Jon},
 title = {The Link-prediction Problem for Social Networks},
 journal = {J. Am. Soc. Inf. Sci. Technol.},
 issue_date = {May 2007},
 volume = {58},
 number = {7},
 month = may,
 year = {2007},
 issn = {1532-2882},
 pages = {1019--1031},
 numpages = {13},
 url = {http://dx.doi.org/10.1002/asi.v58:7},
 doi = {10.1002/asi.v58:7},
 acmid = {1241551},
 publisher = {John Wiley \& Sons, Inc.},
 address = {New York, NY, USA},
 keywords = {collaboration, communication patterns, forecasting, joint authorship, social networking},
}

@article{Sun2011,
  added-at = {2011-10-31T00:00:00.000+0100},
  author = {Sun, Yizhou and Han, Jiawei and Yan, Xifeng and Yu, Philip S. and Wu, Tianyi},
  biburl = {https://www.bibsonomy.org/bibtex/2423295a91b5136b985cfe5968f1d349f/dblp},
  ee = {http://www.vldb.org/pvldb/vol4/p992-sun.pdf},
  interhash = {ebd8d4de7b9617b4b85af4c9a4c9aad0},
  intrahash = {423295a91b5136b985cfe5968f1d349f},
  journal = {PVLDB},
  keywords = {dblp},
  number = 11,
  pages = {992-1003},
  timestamp = {2011-11-01T11:35:27.000+0100},
  title = {PathSim: Meta Path-Based Top-K Similarity Search in Heterogeneous Information Networks.},
  url = {http://dblp.uni-trier.de/db/journals/pvldb/pvldb4.html#SunHYYW11},
  volume = 4,
  year = 2011
}

@article{Lao2010,
 author = {Lao, Ni and Cohen, William W.},
 title = {Relational Retrieval Using a Combination of Path-constrained Random Walks},
 journal = {Mach. Learn.},
 issue_date = {October   2010},
 volume = {81},
 number = {1},
 month = oct,
 year = {2010},
 issn = {0885-6125},
 pages = {53--67},
 numpages = {15},
 url = {http://dx.doi.org/10.1007/s10994-010-5205-8},
 doi = {10.1007/s10994-010-5205-8},
 acmid = {1842823},
 publisher = {Kluwer Academic Publishers},
 address = {Hingham, MA, USA},
 keywords = {Entity relation graph, Filtering and recommending, Learning to rank, Random walk, Relational model},
} 

@inproceedings{chakrabarti2007dynamic,
  title={Dynamic personalized pagerank in entity-relation graphs},
  author={Chakrabarti, Soumen},
  booktitle={Proceedings of the 16th international conference on World Wide Web},
  pages={571--580},
  year={2007},
  organization={ACM}
}

@inproceedings{jeh2002simrank,
  title={SimRank: a measure of structural-context similarity},
  author={Jeh, Glen and Widom, Jennifer},
  booktitle={Proceedings of the eighth ACM SIGKDD international conference on Knowledge discovery and data mining},
  pages={538--543},
  year={2002},
  organization={ACM}
}

@inproceedings{liu2014meta,
  title={Meta-path-based ranking with pseudo relevance feedback on heterogeneous graph for citation recommendation},
  author={Liu, Xiaozhong and Yu, Yingying and Guo, Chun and Sun, Yizhou},
  booktitle={Proceedings of the 23rd acm international conference on conference on information and knowledge management},
  pages={121--130},
  year={2014},
  organization={ACM}
}

@inproceedings{meng2015discovering,
  title={Discovering meta-paths in large heterogeneous information networks},
  author={Meng, Changping and Cheng, Reynold and Maniu, Silviu and Senellart, Pierre and Zhang, Wangda},
  booktitle={Proceedings of the 24th International Conference on World Wide Web},
  pages={754--764},
  year={2015},
  organization={International World Wide Web Conferences Steering Committee}
}

@article{liagouris2014effective,
  title={An effective encoding scheme for spatial RDF data},
  author={Liagouris, John and Mamoulis, Nikos and Bouros, Panagiotis and Terrovitis, Manolis},
  journal={Proceedings of the VLDB Endowment},
  volume={7},
  number={12},
  pages={1271--1282},
  year={2014},
  publisher={VLDB Endowment}
}

@inproceedings{shi2016top,
  title={Top-k relevant semantic place retrieval on spatial RDF data},
  author={Shi, Jieming and Wu, Dingming and Mamoulis, Nikos},
  booktitle={Proceedings of the 2016 International Conference on Management of Data},
  pages={1977--1990},
  year={2016},
  organization={ACM}
}

@article{leeka2017streak,
  title={STREAK: An Efficient Engine for Processing Top-k SPARQL Queries with Spatial Filters},
  author={Leeka, Jyoti and Bedathur, Srikanta and Bera, Debajyoti and Lakshminarasimhan, Sriram},
  journal={arXiv preprint arXiv:1710.07411},
  year={2017}
}

@inproceedings{chen2013spatial,
  title={Spatial keyword query processing: an experimental evaluation},
  author={Chen, Lisi and Cong, Gao and Jensen, Christian S and Wu, Dingming},
  booktitle={Proceedings of the VLDB Endowment},
  volume={6},
  number={3},
  pages={217--228},
  year={2013},
  organization={VLDB Endowment}
}

@article{liu2016survey,
  title={Survey on spatial keyword search. Ruan Jian Xue Bao},
  author={Liu, XP and Wan, CX and Liu, DX and Liao, GQ},
  journal={Journal of Software},
  volume={27},
  number={2},
  pages={329--347},
  year={2016}
}

@article{armenatzoglou2015geo,
  title={Geo-social ranking: functions and query processing},
  author={Armenatzoglou, Nikos and Ahuja, Ritesh and Papadias, Dimitris},
  journal={The VLDB Journal},
  volume={24},
  number={6},
  pages={783--799},
  year={2015},
  publisher={Springer}
}

@article{armenatzoglou2013general,
  title={A general framework for geo-social query processing},
  author={Armenatzoglou, Nikos and Papadopoulos, Stavros and Papadias, Dimitris},
  journal={Proceedings of the VLDB Endowment},
  volume={6},
  number={10},
  pages={913--924},
  year={2013},
  publisher={VLDB Endowment}
}




@inproceedings{al2006link,
  title={Link prediction using supervised learning},
  author={Al Hasan, Mohammad and Chaoji, Vineet and Salem, Saeed and Zaki, Mohammed},
  booktitle={SDM06: workshop on link analysis, counter-terrorism and security},
  year={2006}
}

@inproceedings{leroy2010cold,
  title={Cold start link prediction},
  author={Leroy, Vincent and Cambazoglu, B Barla and Bonchi, Francesco},
  booktitle={Proceedings of the 16th ACM SIGKDD international conference on Knowledge discovery and data mining},
  pages={393--402},
  year={2010},
  organization={ACM}
}

@inproceedings{menon2011link,
  title={Link prediction via matrix factorization},
  author={Menon, Aditya Krishna and Elkan, Charles},
  booktitle={Joint european conference on machine learning and knowledge discovery in databases},
  pages={437--452},
  year={2011},
  organization={Springer}
}

@article{wang2015link,
  title={Link prediction in social networks: the state-of-the-art},
  author={Wang, Peng and Xu, BaoWen and Wu, YuRong and Zhou, XiaoYu},
  journal={Science China Information Sciences},
  volume={58},
  number={1},
  pages={1--38},
  year={2015},
  publisher={Springer}
}

@article{liben2007link,
  title={The link-prediction problem for social networks},
  author={Liben-Nowell, David and Kleinberg, Jon},
  journal={journal of the Association for Information Science and Technology},
  volume={58},
  number={7},
  pages={1019--1031},
  year={2007},
  publisher={Wiley Online Library}
}

@inproceedings{lichtenwalter2010new,
  title={New perspectives and methods in link prediction},
  author={Lichtenwalter, Ryan N and Lussier, Jake T and Chawla, Nitesh V},
  booktitle={Proceedings of the 16th ACM SIGKDD international conference on Knowledge discovery and data mining},
  pages={243--252},
  year={2010},
  organization={ACM}
}

@inproceedings{wang2007local,
  title={Local probabilistic models for link prediction},
  author={Wang, Chao and Satuluri, Venu and Parthasarathy, Srinivasan},
  booktitle={Data Mining, 2007. ICDM 2007. Seventh IEEE International Conference on},
  pages={322--331},
  year={2007},
  organization={IEEE}
}

@article{katz1953new,
  title={A new status index derived from sociometric analysis},
  author={Katz, Leo},
  journal={Psychometrika},
  volume={18},
  number={1},
  pages={39--43},
  year={1953},
  publisher={Springer}
}




@inproceedings{sun2011co,
  title={Co-author relationship prediction in heterogeneous bibliographic networks},
  author={Sun, Yizhou and Barber, Rick and Gupta, Manish and Aggarwal, Charu C and Han, Jiawei},
  booktitle={Advances in Social Networks Analysis and Mining (ASONAM), 2011 International Conference on},
  pages={121--128},
  year={2011},
  organization={IEEE}
}

@inproceedings{sun2012will,
  title={When will it happen?: relationship prediction in heterogeneous information networks},
  author={Sun, Yizhou and Han, Jiawei and Aggarwal, Charu C and Chawla, Nitesh V},
  booktitle={Proceedings of the fifth ACM international conference on Web search and data mining},
  pages={663--672},
  year={2012},
  organization={ACM}
}

@inproceedings{cao2014collective,
  title={Collective prediction of multiple types of links in heterogeneous information networks},
  author={Cao, Bokai and Kong, Xiangnan and Philip, S Yu},
  booktitle={Data Mining (ICDM), 2014 IEEE International Conference on},
  pages={50--59},
  year={2014},
  organization={IEEE}
}

@inproceedings{yu2012citation,
  title={Citation prediction in heterogeneous bibliographic networks},
  author={Yu, Xiao and Gu, Quanquan and Zhou, Mianwei and Han, Jiawei},
  booktitle={Proceedings of the 2012 SIAM International Conference on Data Mining},
  pages={1119--1130},
  year={2012},
  organization={SIAM}
}

@inproceedings{chen2013tag,
  title={Tag co-occurrence relationship prediction in heterogeneous information networks},
  author={Chen, Jinpeng and Gao, Hongbo and Wu, Zhenyu and Li, Deyi},
  booktitle={Parallel and Distributed Systems (ICPADS), 2013 International Conference on},
  pages={528--533},
  year={2013},
  organization={IEEE}
}

@inproceedings{zhang2015organizational,
  title={Organizational chart inference},
  author={Zhang, Jiawei and Yu, Philip S and Lv, Yuanhua},
  booktitle={Proceedings of the 21th ACM SIGKDD International Conference on Knowledge Discovery and Data Mining},
  pages={1435--1444},
  year={2015},
  organization={ACM}
}

@inproceedings{kong2013inferring,
  title={Inferring anchor links across multiple heterogeneous social networks},
  author={Kong, Xiangnan and Zhang, Jiawei and Yu, Philip S},
  booktitle={Proceedings of the 22nd ACM international conference on Information \& Knowledge Management},
  pages={179--188},
  year={2013},
  organization={ACM}
}



@inproceedings{zhang2016pct,
  title={Pct: partial co-alignment of social networks},
  author={Zhang, Jiawei and Yu, Philip S},
  booktitle={Proceedings of the 25th International Conference on World Wide Web},
  pages={749--759},
  year={2016},
  organization={International World Wide Web Conferences Steering Committee}
}

@article{klau2009new,
  title={A new graph-based method for pairwise global network alignment},
  author={Klau, Gunnar W},
  journal={BMC bioinformatics},
  volume={10},
  number={1},
  pages={S59},
  year={2009},
  publisher={BioMed Central}
}





@article{umeyama1988eigendecomposition,
  title={An eigendecomposition approach to weighted graph matching problems},
  author={Umeyama, Shinji},
  journal={IEEE transactions on pattern analysis and machine intelligence},
  volume={10},
  number={5},
  pages={695--703},
  year={1988},
  publisher={IEEE}
}

@inproceedings{koutra2013big,
  title={Big-align: Fast bipartite graph alignment},
  author={Koutra, Danai and Tong, Hanghang and Lubensky, David},
  booktitle={Data Mining (ICDM), 2013 IEEE 13th International Conference on},
  pages={389--398},
  year={2013},
  organization={IEEE}
}

@article{zhang2015partial,
  title={Partial network alignment with anchor meta path and truncated generic stable matching},
  author={Zhang, Jiawei and Shao, Weixiang and Wang, Senzhang and Kong, Xiangnan and Yu, Philip S},
  journal={arXiv preprint arXiv:1506.05164},
  year={2015}
}

@inproceedings{zhang2015multiple,
  title={Multiple anonymized social networks alignment},
  author={Zhang, Jiawei and Philip, S Yu},
  booktitle={Data Mining (ICDM), 2015 IEEE International Conference on},
  pages={599--608},
  year={2015},
  organization={IEEE}
}

@inproceedings{zhou2013social,
  title={Social influence based clustering of heterogeneous information networks},
  author={Zhou, Yang and Liu, Ling},
  booktitle={Proceedings of the 19th ACM SIGKDD international conference on Knowledge discovery and data mining},
  pages={338--346},
  year={2013},
  organization={ACM}
}

@inproceedings{kong2013inferring,
  title={Inferring anchor links across multiple heterogeneous social networks},
  author={Kong, Xiangnan and Zhang, Jiawei and Yu, Philip S},
  booktitle={Proceedings of the 22nd ACM international conference on Information \& Knowledge Management},
  pages={179--188},
  year={2013},
  organization={ACM}
}

@inproceedings{zhang2015integrated,
  title={Integrated Anchor and Social Link Predictions across Social Networks.},
  author={Zhang, Jiawei and Philip, S Yu},
  booktitle={IJCAI},
  pages={2125--2132},
  year={2015}
}

@inproceedings{han2009mining,
  title={Mining heterogeneous information networks by exploring the power of links},
  author={Han, Jiawei},
  booktitle={International Conference on Discovery Science},
  pages={13--30},
  year={2009},
  organization={Springer}
}



%------------------ HIN based information systems ------------------------


@inproceedings{danilevsky2013amethyst,
  title={AMETHYST: A system for mining and exploring topical hierarchies of heterogeneous data},
  author={Danilevsky, Marina and Wang, Chi and Tao, Fangbo and Nguyen, Son and Chen, Gong and Desai, Nihit and Wang, Lidan and Han, Jiawei},
  booktitle={Proceedings of the 19th ACM SIGKDD international conference on Knowledge discovery and data mining},
  pages={1458--1461},
  year={2013},
  organization={ACM}
}

@inproceedings{jin2011likeminer,
  title={LikeMiner: a system for mining the power of'like'in social media networks},
  author={Jin, Xin and Wang, Chi and Luo, Jiebo and Yu, Xiao and Han, Jiawei},
  booktitle={Proceedings of the 17th ACM SIGKDD international conference on Knowledge discovery and data mining},
  pages={753--756},
  year={2011},
  organization={ACM}
}

@inproceedings{tao2013insight,
  title={Research-insight: Providing insight on research by publication network analysis},
  author={Tao, Fangbo and Yu, Xiao and Lei, Kin Hou and Brova, George and Cheng, Xiao and Han, Jiawei and Kanade, Rucha and Sun, Yizhou and Wang, Chi and Wang, Lidan and others},
  booktitle={Proceedings of the 2013 ACM SIGMOD International Conference on Management of Data},
  pages={1093--1096},
  year={2013},
  organization={ACM}
}

@inproceedings{tao2014newsnetexplorer,
  title={NewsNetExplorer: automatic construction and exploration of news information networks},
  author={Tao, Fangbo and Brova, George and Han, Jiawei and Ji, Heng and Wang, Chi and Norick, Brandon and El-Kishky, Ahmed and Liu, Jialu and Ren, Xiang and Sun, Yizhou},
  booktitle={Proceedings of the 2014 ACM SIGMOD International Conference on Management of Data},
  pages={1091--1094},
  year={2014},
  organization={ACM}
}

%--------------------

@inproceedings{meng2015discovering,
  title={Discovering meta-paths in large heterogeneous information networks},
  author={Meng, Changping and Cheng, Reynold and Maniu, Silviu and Senellart, Pierre and Zhang, Wangda},
  booktitle={Proceedings of the 24th International Conference on World Wide Web},
  pages={754--764},
  year={2015},
  organization={International World Wide Web Conferences Steering Committee}
}

@inproceedings{shi2015semantic,
  title={Semantic path based personalized recommendation on weighted heterogeneous information networks},
  author={Shi, Chuan and Zhang, Zhiqiang and Luo, Ping and Yu, Philip S and Yue, Yading and Wu, Bin},
  booktitle={Proceedings of the 24th ACM International on Conference on Information and Knowledge Management},
  pages={453--462},
  year={2015},
  organization={ACM}
}

@article{sun2013pathselclus,
  title={Pathselclus: Integrating meta-path selection with user-guided object clustering in heterogeneous information networks},
  author={Sun, Yizhou and Norick, Brandon and Han, Jiawei and Yan, Xifeng and Yu, Philip S and Yu, Xiao},
  journal={ACM Transactions on Knowledge Discovery from Data (TKDD)},
  volume={7},
  number={3},
  pages={11},
  year={2013},
  publisher={ACM}
}

@inproceedings{liang2016links,
  title={What links alice and bob?: Matching and ranking semantic patterns in heterogeneous networks},
  author={Liang, Jiongqian and Ajwani, Deepak and Nicholson, Patrick K and Sala, Alessandra and Parthasarathy, Srinivasan},
  booktitle={Proceedings of the 25th International Conference on World Wide Web},
  pages={879--889},
  year={2016},
  organization={International World Wide Web Conferences Steering Committee}
}






%---------------- Motif Discovery --------------------------------------------------

@article{ciriello2008review,
  title={A review on models and algorithms for motif discovery in protein--protein interaction networks},
  author={Ciriello, Giovanni and Guerra, Concettina},
  journal={Briefings in Functional Genomics and Proteomics},
  volume={7},
  number={2},
  pages={147--156},
  year={2008},
  publisher={Oxford University Press}
}

@article{milo2002network,
  title={Network motifs: simple building blocks of complex networks},
  author={Milo, Ron and Shen-Orr, Shai and Itzkovitz, Shalev and Kashtan, Nadav and Chklovskii, Dmitri and Alon, Uri},
  journal={Science},
  volume={298},
  number={5594},
  pages={824--827},
  year={2002},
  publisher={American Association for the Advancement of Science}
}

@article{shen2002network,
  title={Network motifs in the transcriptional regulation network of Escherichia coli},
  author={Shen-Orr, Shai S and Milo, Ron and Mangan, Shmoolik and Alon, Uri},
  journal={Nature genetics},
  volume={31},
  number={1},
  pages={64},
  year={2002},
  publisher={Nature Publishing Group}
}

@article{yeger2004network,
  title={Network motifs in integrated cellular networks of transcription--regulation and protein--protein interaction},
  author={Yeger-Lotem, Esti and Sattath, Shmuel and Kashtan, Nadav and Itzkovitz, Shalev and Milo, Ron and Pinter, Ron Y and Alon, Uri and Margalit, Hanah},
  journal={Proceedings of the National Academy of Sciences of the United States of America},
  volume={101},
  number={16},
  pages={5934--5939},
  year={2004},
  publisher={National Acad Sciences}
}

@article{milo2004superfamilies,
  title={Superfamilies of evolved and designed networks},
  author={Milo, Ron and Itzkovitz, Shalev and Kashtan, Nadav and Levitt, Reuven and Shen-Orr, Shai and Ayzenshtat, Inbal and Sheffer, Michal and Alon, Uri},
  journal={Science},
  volume={303},
  number={5663},
  pages={1538--1542},
  year={2004},
  publisher={American Association for the Advancement of Science}
}

@article{wernicke2006efficient,
  title={Efficient detection of network motifs},
  author={Wernicke, Sebastian},
  journal={IEEE/ACM Transactions on Computational Biology and Bioinformatics},
  volume={3},
  number={4},
  year={2006},
  publisher={IEEE}
}

@article{parida2007discovering,
  title={Discovering topological motifs using a compact notation},
  author={Parida, Laxmi},
  journal={Journal of Computational Biology},
  volume={14},
  number={3},
  pages={300--323},
  year={2007},
  publisher={Mary Ann Liebert, Inc. 2 Madison Avenue Larchmont, NY 10538 USA}
}

@article{kashtan2004efficient,
  title={Efficient sampling algorithm for estimating subgraph concentrations and detecting network motifs},
  author={Kashtan, Nadav and Itzkovitz, Shalev and Milo, Ron and Alon, Uri},
  journal={Bioinformatics},
  volume={20},
  number={11},
  pages={1746--1758},
  year={2004},
  publisher={Oxford University Press}
}

@inproceedings{chen2006nemofinder,
  title={NeMoFinder: Dissecting genome-wide protein-protein interactions with meso-scale network motifs},
  author={Chen, Jin and Hsu, Wynne and Lee, Mong Li and Ng, See-Kiong},
  booktitle={Proceedings of the 12th ACM SIGKDD international conference on Knowledge discovery and data mining},
  pages={106--115},
  year={2006},
  organization={ACM}
}


@inproceedings{paranjape2017motifs,
  title={Motifs in temporal networks},
  author={Paranjape, Ashwin and Benson, Austin R and Leskovec, Jure},
  booktitle={Proceedings of the Tenth ACM International Conference on Web Search and Data Mining},
  pages={601--610},
  year={2017},
  organization={ACM}
}


%---------------- Influence Propagation ----------------------


@inproceedings{zhan2015influence,
  title={Influence maximization across partially aligned heterogenous social networks},
  author={Zhan, Qianyi and Zhang, Jiawei and Wang, Senzhang and Philip, S Yu and Xie, Junyuan},
  booktitle={Pacific-Asia Conference on Knowledge Discovery and Data Mining},
  pages={58--69},
  year={2015},
  organization={Springer}
}

@article{liu2012learning,
  title={Learning influence from heterogeneous social networks},
  author={Liu, Lu and Tang, Jie and Han, Jiawei and Yang, Shiqiang},
  journal={Data Mining and Knowledge Discovery},
  volume={25},
  number={3},
  pages={511--544},
  year={2012},
  publisher={Springer}
}

@inproceedings{anagnostopoulos2008influence,
  title={Influence and correlation in social networks},
  author={Anagnostopoulos, Aris and Kumar, Ravi and Mahdian, Mohammad},
  booktitle={Proceedings of the 14th ACM SIGKDD international conference on Knowledge discovery and data mining},
  pages={7--15},
  year={2008},
  organization={ACM}
}

@inproceedings{bakshy2012role,
  title={The role of social networks in information diffusion},
  author={Bakshy, Eytan and Rosenn, Itamar and Marlow, Cameron and Adamic, Lada},
  booktitle={Proceedings of the 21st international conference on World Wide Web},
  pages={519--528},
  year={2012},
  organization={ACM}
}

@inproceedings{tang2009social,
  title={Social influence analysis in large-scale networks},
  author={Tang, Jie and Sun, Jimeng and Wang, Chi and Yang, Zi},
  booktitle={Proceedings of the 15th ACM SIGKDD international conference on Knowledge discovery and data mining},
  pages={807--816},
  year={2009},
  organization={ACM}
}

@inproceedings{crandall2008feedback,
  title={Feedback effects between similarity and social influence in online communities},
  author={Crandall, David and Cosley, Dan and Huttenlocher, Daniel and Kleinberg, Jon and Suri, Siddharth},
  booktitle={Proceedings of the 14th ACM SIGKDD international conference on Knowledge discovery and data mining},
  pages={160--168},
  year={2008},
  organization={ACM}
}

@inproceedings{kempe2003maximizing,
  title={Maximizing the spread of influence through a social network},
  author={Kempe, David and Kleinberg, Jon and Tardos, {\'E}va},
  booktitle={Proceedings of the ninth ACM SIGKDD international conference on Knowledge discovery and data mining},
  pages={137--146},
  year={2003},
  organization={ACM}
}

@inproceedings{chen2010scalable,
  title={Scalable influence maximization for prevalent viral marketing in large-scale social networks},
  author={Chen, Wei and Wang, Chi and Wang, Yajun},
  booktitle={Proceedings of the 16th ACM SIGKDD international conference on Knowledge discovery and data mining},
  pages={1029--1038},
  year={2010},
  organization={ACM}
}

@inproceedings{dietz2007unsupervised,
  title={Unsupervised prediction of citation influences},
  author={Dietz, Laura and Bickel, Steffen and Scheffer, Tobias},
  booktitle={Proceedings of the 24th international conference on Machine learning},
  pages={233--240},
  year={2007},
  organization={ACM}
}

@inproceedings{xiang2010modeling,
  title={Modeling relationship strength in online social networks},
  author={Xiang, Rongjing and Neville, Jennifer and Rogati, Monica},
  booktitle={Proceedings of the 19th international conference on World wide web},
  pages={981--990},
  year={2010},
  organization={ACM}
}


%-------------- temporal HIN analysis ---------------------------------

@inproceedings{he2014exploiting,
  title={Exploiting transitive similarity and temporal dynamics for similarity search in heterogeneous information networks},
  author={He, Jiazhen and Bailey, James and Zhang, Rui},
  booktitle={International Conference on Database Systems for Advanced Applications},
  pages={141--155},
  year={2014},
  organization={Springer}
}

@inproceedings{zufle2018temporalNetworkPattern,
  title={Pattern Search in Temporal Social Networks},
  author={Z\"ufle, Andreas and Renz, Matthias and Emrich, Tobias and Franzke, Maximilian},
  booktitle={EDBT},
  year={2018}
}

@article{zhang2018netcycle+,
  title={NetCycle+: A Framework for Collective Evolution Inference in Dynamic Heterogeneous Networks},
  author={Zhang, Yizhou and Xiong, Yun and Kong, Xiangnan and Zhu, Yangyong},
  journal={IEEE Transactions on Knowledge and Data Engineering},
  year={2018},
  publisher={IEEE}
}

@article{meng2018subgraph,
  title={Subgraph Pattern Neural Networks for High-Order Graph Evolution Prediction},
  author={Meng, Changping and Mouli, S Chandra and Ribeiro, Bruno and Neville, Jennifer},
  year={2018}
}

@inproceedings{zhang2016netcycle,
  title={Netcycle: Collective evolution inference in heterogeneous information networks},
  author={Zhang, Yizhou and Xiong, Yun and Kong, Xiangnan and Zhu, Yangyong},
  booktitle={Proceedings of the 22nd ACM SIGKDD International Conference on Knowledge Discovery and Data Mining},
  pages={1365--1374},
  year={2016},
  organization={ACM}
}


%------------ network embedding ----------------

@article{huang2017heterogeneous,
  title={Heterogeneous Information Network Embedding for Meta Path based Proximity},
  author={Huang, Zhipeng and Mamoulis, Nikos},
  journal={arXiv preprint arXiv:1701.05291},
  year={2017}
}

@inproceedings{fu2017hin2vec,
  title={HIN2Vec: Explore Meta-paths in Heterogeneous Information Networks for Representation Learning},
  author={Fu, Tao-yang and Lee, Wang-Chien and Lei, Zhen},
  booktitle={Proceedings of the 2017 ACM on Conference on Information and Knowledge Management},
  pages={1797--1806},
  year={2017},
  organization={ACM}
}

@article{shang2016meta,
  title={Meta-Path Guided Embedding for Similarity Search in Large-Scale Heterogeneous Information Networks},
  author={Shang, Jingbo and Qu, Meng and Liu, Jialu and Kaplan, Lance M and Han, Jiawei and Peng, Jian},
  journal={arXiv preprint arXiv:1610.09769},
  year={2016}
}

@article{fang2018transpath,
  title={TransPath: Representation Learning for Heterogeneous Information Networks via Translation Mechanism},
  author={Fang, Yang and Zhao, Xiang and Tan, Zhen},
  year={2018},
  publisher={Preprints}
}
@article{cui2017survey,
  title={A Survey on Network Embedding},
  author={Cui, Peng and Wang, Xiao and Pei, Jian and Zhu, Wenwu},
  journal={arXiv preprint arXiv:1711.08752},
  year={2017}
}

@inproceedings{grover2016node2vec,
  title={node2vec: Scalable feature learning for networks},
  author={Grover, Aditya and Leskovec, Jure},
  booktitle={Proceedings of the 22nd ACM SIGKDD international conference on Knowledge discovery and data mining},
  pages={855--864},
  year={2016},
  organization={ACM}
}


%------------------- Shadow Influence -------------------------

@book{wedel2009shadow,
  title={Shadow elite: How the world's new power brokers undermine democracy, government, and the free market},
  author={Wedel, Janine R},
  year={2009},
  publisher={Basic Books}
}

@book{wedel2014uccountable,
    title={UNACCOUNTABLE: How the Establishment Corrupted our Finances, Freedom, and Politics and Created an Outsider Class},
    author={Wedel, Janine R},
    year={2014},
    publisher={New York, NY: Pegasus Press}
}

@article{wedel2017meet,
  title={Meet the New American Influence Elites: How Top Players Sway Policy and Governing in the Twenty-First Century},
  author={Wedel, Janine R},
  journal={The Death of Public Knowledge?: How Free Markets Destroy the General Intellect},
  pages={213},
  year={2017},
  publisher={MIT Press}
}

@article{wedel2017power,
  title={From power elites to influence elites: Resetting elite studies for the 21st century},
  author={Wedel, Janine R},
  journal={Theory, Culture \& Society},
  volume={34},
  number={5-6},
  pages={153--178},
  year={2017},
  publisher={SAGE Publications Sage UK: London, England}
}

@misc{wedel2013Huffpost,
  title={Caymans’ Folly: Do You Know Where Your Pension Funds Are?},
  author={Wedel, Janine R},
  howpublished={http://www.huffingtonpost.com/janine-r-wedel/caymans-folly-do-you-know_b_2684536.html},
  year={2013}
}

%------------------ Deep Learning Graph ------------------------

@article{henaff2015deep,
  title={Deep convolutional networks on graph-structured data},
  author={Henaff, Mikael and Bruna, Joan and LeCun, Yann},
  journal={arXiv preprint arXiv:1506.05163},
  year={2015}
}
@inproceedings{niepert2016learning,
  title={Learning convolutional neural networks for graphs},
  author={Niepert, Mathias and Ahmed, Mohamed and Kutzkov, Konstantin},
  booktitle={International conference on machine learning},
  pages={2014--2023},
  year={2016}
}
@article{kondor2018covariant,
  title={Covariant Compositional Networks For Learning Graphs},
  author={Kondor, Risi and Son, Hy Truong and Pan, Horace and Anderson, Brandon and Trivedi, Shubhendu},
  journal={arXiv preprint arXiv:1801.02144},
  year={2018}
}
@article{bruna2017community,
  title={Community detection with graph neural networks},
  author={Bruna, Joan and Li, Xiang},
  journal={arXiv preprint arXiv:1705.08415},
  year={2017}
}
@inproceedings{li2016unsupervised,
  title={Unsupervised visual representation learning by graph-based consistent constraints},
  author={Li, Dong and Hung, Wei-Chih and Huang, Jia-Bin and Wang, Shengjin and Ahuja, Narendra and Yang, Ming-Hsuan},
  booktitle={European Conference on Computer Vision},
  pages={678--694},
  year={2016},
  organization={Springer}
}
@article{yang2016revisiting,
  title={Revisiting semi-supervised learning with graph embeddings},
  author={Yang, Zhilin and Cohen, William W and Salakhutdinov, Ruslan},
  journal={arXiv preprint arXiv:1603.08861},
  year={2016}
}
@article{zambaldi2018relational,
  title={Relational Deep Reinforcement Learning},
  author={Zambaldi, Vinicius and Raposo, David and Santoro, Adam and Bapst, Victor and Li, Yujia and Babuschkin, Igor and Tuyls, Karl and Reichert, David and Lillicrap, Timothy and Lockhart, Edward and others},
  journal={arXiv preprint arXiv:1806.01830},
  year={2018}
}
@inproceedings{liang2017deep,
  title={Deep variation-structured reinforcement learning for visual relationship and attribute detection},
  author={Liang, Xiaodan and Lee, Lisa and Xing, Eric P},
  booktitle={Computer Vision and Pattern Recognition (CVPR), 2017 IEEE Conference on},
  pages={4408--4417},
  year={2017},
  organization={IEEE}
}
@inproceedings{tian2014learning,
  title={Learning deep representations for graph clustering.},
  author={Tian, Fei and Gao, Bin and Cui, Qing and Chen, Enhong and Liu, Tie-Yan},
  booktitle={AAAI},
  pages={1293--1299},
  year={2014}
}
@article{li2018learning,
  title={Learning deep generative models of graphs},
  author={Li, Yujia and Vinyals, Oriol and Dyer, Chris and Pascanu, Razvan and Battaglia, Peter},
  journal={arXiv preprint arXiv:1803.03324},
  year={2018}
}

@article{sun2011pathsim,
  title={Pathsim: Meta path-based top-k similarity search in heterogeneous information networks},
  author={Sun, Yizhou and Han, Jiawei and Yan, Xifeng and Yu, Philip S and Wu, Tianyi},
  journal={Proceedings of the VLDB Endowment},
  volume={4},
  number={11},
  pages={992--1003},
  year={2011},
  publisher={Citeseer}
}

@inproceedings{zhang2017link,
  title={Link prediction across aligned networks with sparse and low rank matrix estimation},
  author={Zhang, Jiawei and Chen, Jianhui and Zhi, Shi and Chang, Yi and Philip, S Yu and Han, Jiawei},
  booktitle={Data Engineering (ICDE), 2017 IEEE 33rd International Conference on},
  pages={971--982},
  year={2017},
  organization={IEEE}
}
@inproceedings{kong2012meta,
  title={Meta path-based collective classification in heterogeneous information networks},
  author={Kong, Xiangnan and Yu, Philip S and Ding, Ying and Wild, David J},
  booktitle={Proceedings of the 21st ACM international conference on Information and knowledge management},
  pages={1567--1571},
  year={2012},
  organization={ACM}
}
@article{bronstein2017geometric,
  title={Geometric deep learning: going beyond euclidean data},
  author={Bronstein, Michael M and Bruna, Joan and LeCun, Yann and Szlam, Arthur and Vandergheynst, Pierre},
  journal={IEEE Signal Processing Magazine},
  volume={34},
  number={4},
  pages={18--42},
  year={2017},
  publisher={IEEE}
}
@article{hamilton2017representation,
  title={Representation learning on graphs: Methods and applications},
  author={Hamilton, William L and Ying, Rex and Leskovec, Jure},
  journal={arXiv preprint arXiv:1709.05584},
  year={2017}
}