@article{Zeng2013AData,
    title = {{A distributed graph engine for web scale RDF data}},
    year = {2013},
    journal = {Proceedings of the VLDB Endowment},
    author = {Zeng, Kai and Yang, Jiacheng and Wang, Haixun and Shao, Bin and Wang, Zhongyuan},
    isbn = {9781441960450},
    doi = {10.14778/2535570.2488333},
    issn = {21508097}
}

@inproceedings{Keating2013AResearch,
    title = {{A Methodological Framework for Crowdsourcing in Research}},
    year = {2013},
    booktitle = {Proceedings of the 2013 Federal Committee on Statistical Methodology (FCSM) Research Conference Abstract},
    author = {Keating, Michael and Furberg, Robert D}
}

@inproceedings{Muller2015AirPedestrians,
    title = {{Air quality adjusted routing for cyclists and pedestrians}},
    year = {2015},
    booktitle = {Proceedings of the 1st ACM SIGSPATIAL International Workshop on the Use of GIS in Emergency Management - EM-GIS '15},
    author = {M{\"{u}}ller, Sebastian and Voisard, Agnès},
    isbn = {9781450339704},
    doi = {10.1145/2835596.2835609}
}

@article{Le2012BuildingLearning,
    title = {{Building High-level Features Using Large Scale Unsupervised Learning}},
    year = {2012},
    journal = {Arxiv},
    author = {Le, Quoc V. and Ranzato, Marc Aurelio and Devin, Matthieu and Corrado, Greg S. and Ng, Andrew Y.},
    isbn = {978-1-4799-0356-6},
    doi = {10.1109/MSP.2011.940881},
    issn = {10535888},
    pmid = {20957573},
    arxivId = {1112.6209v3}
}

@article{Huber2016CalculateOSRM,
    title = {{Calculate travel time and distance with OpenStreetMap data using the Open Source Routing Machine (OSRM)}},
    year = {2016},
    journal = {Stata Journal},
    author = {Huber, Stephan and Rust, Christoph and Huber, Stephan and Rust, Christoph},
    keywords = {ArcGIS, Google Maps, MapQuest, OSRM, OpenStreetMap, geospatial analysis, mqtime, osrmprepare, osrmtime, public road network, travel distance, travel time, traveltime3}
}

@article{Xi2017CapsuleData,
    title = {{Capsule Network Performance on Complex Data}},
    year = {2017},
    journal = {arxiv preprint arXiv:1712.03480},
    author = {Xi, Edgar and Bing, Selina and Jin, Yang},
    arxivId = {1712.03480}
}

@article{Xi2017CapsuleDatab,
    title = {{Capsule Network Performance on Complex Data}},
    year = {2017},
    journal = {arxiv preprint arXiv:1712.03480},
    author = {Xi, Edgar and Bing, Selina and Jin, Yang},
    arxivId = {1712.03480}
}

@article{Xi2017CapsuleDatac,
    title = {{Capsule Network Performance on Complex Data}},
    year = {2017},
    journal = {arXiv:1712.03480 [cs, stat]},
    author = {Xi, Edgar and Bing, Selina and Jin, Yang},
    arxivId = {1712.03480}
}

@article{PrasadBabu2016CLUSTERINGDBSCAN,
    title = {{CLUSTERING BASED ON DBSCAN}},
    year = {2016},
    journal = {International Journal For Technological Research In Engineering ISSN},
    author = {Prasad Babu, B R}
}

@article{Schubert2017DBSCANRevisited,
    title = {{DBSCAN Revisited, Revisited}},
    year = {2017},
    journal = {ACM Transactions on Database Systems},
    author = {Schubert, Erich and Sander, Jörg and Ester, Martin and Kriegel, Hans Peter and Xu, Xiaowei},
    isbn = {9781450327589},
    doi = {10.1145/3068335},
    issn = {03625915}
}

@inproceedings{Pal2016DeepChallenges,
    title = {{Deep learning for network analysis: Problems, approaches and challenges}},
    year = {2016},
    booktitle = {MILCOM 2016 - 2016 IEEE Military Communications Conference},
    author = {Pal, Siddharth and Dong, Yuxiao and Thapa, Bishal and Chawla, Nitesh V. and Swami, Ananthram and Ramanathan, Ram},
    isbn = {978-1-5090-3781-0},
    doi = {10.1109/MILCOM.2016.7795391}
}

@article{Pal2016DeepChallengesb,
    title = {{Deep learning for network analysis: Problems, approaches and challenges}},
    year = {2016},
    journal = {Proceedings - IEEE Military Communications Conference MILCOM},
    author = {Pal, S and Dong, Y and Thapa, B and Chawla, N V and Swami, A and Ramanathan, R},
    isbn = {9781509037810},
    doi = {10.1109/MILCOM.2016.7795391},
    keywords = {Biological neural networks; Convolutional neural, C (programming language); Convolution; Erbium; Fea, Deep learning}
}

@inproceedings{Perozzi2014DeepWalk,
    title = {{DeepWalk}},
    year = {2014},
    booktitle = {Proceedings of the 20th ACM SIGKDD international conference on Knowledge discovery and data mining - KDD '14},
    author = {Perozzi, Bryan and Al-Rfou, Rami and Skiena, Steven},
    isbn = {9781450329569},
    doi = {10.1145/2623330.2623732},
    issn = {9781450329569},
    pmid = {903},
    arxivId = {1403.6652}
}

@article{Aboufadel2013DistributedCompositionality,
    title = {{Distributed representations of words and phrases and their compositionality}},
    year = {2013},
    journal = {Advances in {\{}Neural{\}} {\{}Information{\}} {\{}Processing{\}} {\{}Systems{\}}},
    author = {Aboufadel, Edward and Boelkins, Matthew and Schlicker, Steven and Acar, Evrim and Yener, Bülent and Adam, Eugene C and Aerts, Diederik and Gabora, Liane and Agate, Craig S and Sullivan, Kevin J and Agrawal, Ankur and Sudarshan, S and Sahoo, Ajitav and Sandalwala, A and Jaiswal, Prashant and Ando, Rie Kubota and Zhang, Tong and Andoni, Alexandr and Indyk, Piotr and Andrade, Ernesto L and Blunsden, Scott and Fisher, Robert B and Andrienko, Gennady and Andrienko, Natalia and Hurter, Christophe and Rinzivillo, Salvatore and Wrobel, Stefan and Artieres, Thierry and Arulampalam, M Sanjeev and Gordon, Neil J and Orton, Matthew and Ristic, Branko and Assent, Ira and Kranen, Philipp and Baldauf, Corinna and Seidl, Thomas and Assun{\c{c}}{\~{a}}o, Renato and Correa, Thais and Azzari, Lucio and Foi, Alessandro and Bach, Nguyen and Badaskar, Sameer and Bacon, Pierre-Luc and Harb, Jean and Precup, Doina and Bahdanau, Dzmitry and Cho, Kyunghyun and Bengio, Yoshua and Bailey, Tim and Upcroft, Ben and Durrant-Whyte, Hugh and Baldi, Pierre and Itti, Laurent and Banerjee, Sudipto and Gelfand, Alan E and Carlin, Bradley P and Bar-Shalom, Yaakov and Tse, Edison and Bautista, Carlo Migel and Dy, Clifford Austin and Ma{\~{n}}alac, Miguel Iñigo and Orbe, Raphael Angelo and Cordel, Macario and Beattie, Charles and Leibo, Joel Z and Teplyashin, Denis and Ward, Tom and Wainwright, Marcus and K{\"{u}}ttler, Heinrich and Lefrancq, Andrew and Green, Simon and Vald{\'{e}}s, Víctor and Sadik, Amir and Schrittwieser, Julian and Anderson, Keith and York, Sarah and Cant, Max and Cain, Adam and Bolton, Adrian and Gaffney, Stephen and King, Helen and Hassabis, Demis and Legg, Shane and Petersen, Stig and Beck, Charlie and McCue, Colleen and Belkin, Mikhail and Niyogi, Partha and Bengio, Yoshua and Courville, Aaron and Vincent, Pascal and Ducharme, Réjean and Vincent, Pascal and Jauvin, Christian and Lamblin, Pascal and Popovici, Dan and Larochelle, Hugo and Monperrus, Martin and Larochelle, Hugo and Bifet, Albert and Holmes, Geoff and Pfahringer, Bernhard and Kirkby, Richard and Gavald{\`{a}}, Ricard and Bioucas-Dias, José M and Plaza, Antonio and Dobigeon, Nicolas and Parente, Mario and Du, Qian and Gader, Paul and Chanussot, Jocelyn and Birant, Derya and Kut, Alp and Blasch, Erik and Kahler, Bart and Ling, Haibin and Shen, Dan and Chen, Genshe Guangshun and Hammoud, Riad and Basharat, Arslan and Collins, Roddy and Aved, Alex and Nagy, James and Aved, Alex and Jones, Eric K and Pottenger, William M and Basharat, Arslan and Hoogs, Anthony and Schneider, Markus and Hammoud, Riad and Chen, Genshe Guangshun and {others} and Blei, David M and Ng, Andrew Y AY Andrew and Jordan, Michael I and Bleiholder, Jens and Naumann, Felix and Bliss, Catherine A and Danforth, Christopher M and Dodds, Peter Sheridan and Blundell, Charles and Uria, Benigno and Pritzel, Alexander and Li, Yuan Yaoyong Yazhe and Ruderman, Avraham and Leibo, Joel Z and Rae, Jack and Wierstra, Daan and Hassabis, Demis and Bordes, Antoine and Glorot, Xavier and Weston, Jason and Bengio, Yoshua and Usunier, Nicolas and Garcia-Duran, Alberto and Weston, Jason and Yakhnenko, Oksana and Bratton, W. J. and Malinowski, S. W. and Breiman, Leo and Brown, Donald E. and Schamburg, Jeffrey B. and Smith, Michael and Dalton, Jason and Hoyle, Heidi and Brownstein, John S and Holford, Theodore R and Fish, Durland and Rosen, Hilary and Purdy, Dianne and Miller, James R and Merlino, Mario and Mostashari, Farzad and Fish, Durland and Bugallo, Mónica F and Xu, Shanshan and Djuri{\'{c}}, Petar M and Bunescu, Razvan C and Mooney, Raymond J and Campbell, W M and Baseman, E and Greenfield, K and Cao, Feng and Ester, Martin and Qian, Weining and Zhou, Aoying and Cappiello, Cinzia and Francalanci, Chiara and Pernici, Barbara and Carlson, Andrew and Betteridge, Justin and Kisiel, Bryan and Settles, Burr and Hruschka Jr, Estevam R and Mitchell, Tom M and Wang, Richard C Rongrong and Hruschka Jr, Estevam R and Mitchell, Tom M and Caruana, Rich and Casterline, May V and Emerick, Timothy and Sadeghi, Kolia and Gosse, C Alec and Bartlett, Brent and Casey, Jason and Catanzaro, Bryan and Cer, Daniel M and De Marneffe, Marie-Catherine and Jurafsky, Daniel and Manning, CD Christopher D and Chae, Junghoon and Thom, Dennis and Bosch, Harald and Jang, Yun and Maciejewski, Ross and Ebert, David S and Ertl, Thomas and Chakrabarti, Soumen and Kasturi, Sasidhar and Balakrishnan, Bharath and Ramakrishnan, Ganesh and Saraf, Rohit and Pathak, Amit and Gupta, Manish and Sane, Devshree and Ramakrishnan, Ganesh and Chambers, Nathanael and Jurafsky, Daniel and Chen, Danqi and Socher, Richard and Manning, CD Christopher D and Ng, Andrew Y AY Andrew and Chen, Xi Xuemei and Ishwaran, Hemant and Wang, Heng Haixun Haichao and Wang, Richard C Rongrong and Cheng, Yang and Singh, Tarunraj and Chong, Chee-Yee and Garren, David and Grayson, Timothy P and Choong, Alexander and Beidas, Rami and Zhu, Jianwen and Christian, Michael D and Sprung, Charles L and King, Mary A and Dichter, Jeffrey R and Kissoon, Niranjan and Devereaux, Asha V and Gomersall, Charles D and Rubinson, Lewis and Amundson, Dennis and Anderson, Michael R and {others} and Christopoulosa, Demetris T and Chu, Fang and Wang, Yizhou and Zaniolo, Carlo and Ciresan, Dan and Meier, Ueli and Schmidhuber, Jürgen and Co, Michele and Davidson, Jack W and Hiser, Jason D and Knight, John C and Nguyen-Tuong, Anh and Cok, David and Gopan, Denis and Melski, David and Lee, Wenke and Song, Chengyu and Bracewell, Thomas and Hyde, David and Mastropietro, Brian and Coates, Adam and Huval, Brody and Wang, Tao and Wu, David and Catanzaro, Bryan and Andrew, Ng and Cohen, William W and Ravikumar, Pradeep and Fienberg, Stephen and Collins, Michael and Duffy, Nigel and Collobert, Ronan and Weston, Jason and Bottou, Leon and Karlen, Michael and Kavukcuoglu, Koray and Kuksa, Pavel and Comaniciu, Dorin and Ramesh, Visvanathan and Meer, Peter and Coppa, Emilio and Demetrescu, Camil and Finocchi, Irene and Crino, Scott and Brown, Donald E. and Csikszentmih{\'{a}}lyi, Mihaly and D.J, CCRi and Dalvi, Bhavana and Cohen, William W and Callan, Jamie and Das, Pradipto and Xu, Chenliang and Doell, Richard and Corso, Jason and Das, Subrata and Kanjilal, Partha and Lawless, David and Daubechies, I and Davis, John E and Delany, Sarah Jane and Cunningham, Padraig and Tsymbal, Alexey and Coyle, Lorcan and der Maaten, Laurens and Hinton, Geoffrey E and Derczynski, Leon and Maynard, Diana and Rizzo, Giuseppe and van Erp, Marieke and Gorrell, Genevieve and Troncy, Raphaël and Petrak, Johann and Bontcheva, Kalina and Deselaers, Thomas and Hasan, Sa\textbackslashvsa and Bender, Oliver and Ney, Hermann and Dietterich, Thomas G and Domingos, Pedro and Getoor, Lise and Muggleton, Stephen and Tadepalli, Prasad and Ding, Zhongli and Peng, Yun and Djuric, Nemanja and Wu, Hao and Radosavljevic, Vladan and Grbovic, Mihajlo and Bhamidipati, Narayan and Do, Trinh and Arti, Thierry and Dong, Xin and Halevy, Alon and Doucet, Arnaud and de Freitas, Nando and Gordon, Neil J and Krishnamurthy, Vikram and Drucker, Harris and Cortes, Corinna and Jackel, Lawrence D and LeCun, Yann and Vapnik, Vladimir and Dullien, Thomas and Rolles, Rolf and Bochum, Ruhr-universitaet and Durrett, Greg and Klein, Dan and Ester, Martin and Kriegel, Hans-Peter and Sander, Jörg and Xu, Xin Xiaowei and Fader, Anthony and Soderland, Stephen and Etzioni, Oren and Fan, James Jialue and Xu, Wei and Wu, Yonghui Ying and Gong, Yihong and Farabet, Clément and Couprie, Camille and Najman, Laurent and LeCun, Yann and Poulet, Cyril and Han, Jefferson Y Jiawei and LeCun, Yann and Fern, Alan and Givan, Robert and Ferrucci, David and Brown, Eric and Chu-Carroll, Jennifer and Fan, James Jialue and Gondek, David and Kalyanpur, Aditya A and Lally, Adam and Murdock, J William and Nyberg, Eric and Prager, John and Finkel, Jenny Rose and Grenager, Trond and Manning, CD Christopher D and Finn, Chelsea and Levine, Sergey and Abbeel, Pieter and Fitzgerald, Robert J and Flake, Halvar and Foerster, Jakob N and Assael, Yannis M and de Freitas, Nando and Whiteson, Shimon and Forestiero, Agostino and Pizzuti, Clara and Spezzano, Giandomenico and Forney Jr, G David and Fortmann, Thomas E and Bar-Shalom, Yaakov and Scheffe, Molly and Friedman, Jerome H. and Popescu, Bogdan E. and Frome, Andrea and Corrado, Greg S and Shlens, Jonathon and Bengio, Samy and Dean, Jeffrey and Mikolov, Tomas and {others} and Gentillon, Hugues and Stefa{\'{n}}czyk, Ludomir and Strzelecki, Micha\textbackslashl and Respondek-Liberska, Maria and Gildea, Daniel and Jurafsky, Daniel and Girshick, Ross and Donahue, Jeff and Darrell, Trevor and Malik, Jitendra and Goldfarb, Avi and Gordon, Jay and Grauman, Kristen and Fergus, Robert and Graves, Alex and Mohamed, Abdel-rahman and Hinton, Geoffrey E and Grbovic, Mihajlo and Djuric, Nemanja and Radosavljevic, Vladan and Bhamidipati, Narayan and Silvestri, Fabrizio and Bhamidipati, Narayan and Djuric, Nemanja and Bhamidipati, Narayan and Savla, Jaikit and Bhagwan, Varun and Sharp, Doug and Griffiths, Thomas L and Steyvers, Mark and Tenenbaum, Joshua B and Grinsted, A and Moore, J C and Jevrejeva, S and Guadarrama, Sergio and Krishnamoorthy, Niveda and Malkarnenkar, Girish and Venugopalan, Subhashini and Mooney, Raymond J and Darrell, Trevor and Saenko, Kate and Gustafsson, Fredrik and Gunnarsson, Fredrik and Bergman, Niclas and Forssell, Urban and Jansson, Jonas and Karlsson, Rickard and Nordlund, P.-J. and Hand, David J and Hapfelmeier, Alexander and Hothorn, Torsten and Ulm, Kurt and Strobl, Carolin and Hassani, Marwan and Kranen, Philipp and Seidl, Thomas and He, He and Boyd-Graber, Jordan and Kwok, Kevin and Daum{\'{e}} III, Hal and Hecht-Nielsen, Robert and Heinrich, Bernd and Kaiser, Marcus and Klier, Mathias and Hinton, Geoffrey E and Osindero, Simon and Teh, Yee-Whye and Roweis, Sam T and Salakhutdinov, Ruslan R and Deng, Li and Yu, Dong and Dahl, George E and Mohamed, Abdel-rahman and Jaitly, Navdeep and Senior, Andrew and Vanhoucke, Vincent and Nguyen, Patrick and Sainath, Tara N and Ho, Jonathan and Ermon, Stefano and Hoffart, Johannes and Seufert, Stephan and Nguyen, Dat Ba and Theobald, Martin and Weikum, Gerhard and Yosef, Mohamed Amir and Bordino, Ilaria and F{\"{u}}rstenau, Hagen and Pinkal, Manfred and Spaniol, Marc and Taneva, Bilyana and Thater, Stefan and Weikum, Gerhard and Hoffmann, Christian and Dang, Thao and Hubel, David H and Wiesel, Torsten N and Hue, Carine and Le Cadre, J.-P. and P{\'{e}}rez, Patrick and Hulten, Geoff and Spencer, Laruie and Domingo, Pedro and Idris, Adnan and Rizwan, Muhammad and Khan, Ali S Asifullah and Indyk, Piotr and Motwani, Rajeev and Jacobellis, John and Meng, Na and Kim, Mingyu Miryung and Jain, Anil K and Jenatton, Rodolphe and Roux, Nicolas L and Bordes, Antoine and Obozinski, Guillaume R and Jia, Dong and Vagners, Juris and Johnson, Andrew and Ivanov, Tonislav and Johnson, Justin and Karpathy, Andrej and Fei-Fei, Li and Johnson, Mark Matthew and Hofmann, Katja and Hutton, Tim and Bignell, David and Joshi, Deepti and Samal, Ashok and Soh, Leen-Kiat and Kalal, Z and Matas, J and Mikolajczyk, K and Kalnis, Panos and Mamoulis, Nikos and Bakiras, Spiridon and Kapusta, Philip and Kastella, Keith D and Kreucher, Chris M and Pagels, Michael A and Kempka, Micha\textbackslashl and Wydmuch, Marek and Runc, Grzegorz and Toczek, Jakub and Ja{\'{s}}kowski, Wojciech and Khan, Zia and Balch, Tucker and Dellaert, Frank and Kim, Jun B and Albuquerque, Paulo and Bronnenberg, Bart J and King, Gary and Honaker, James and Joseph, Anne and Scheve, Kenneth and Kirkpatrick, James and Pascanu, Razvan and Rabinowitz, Neil and Veness, Joel and Desjardins, Guillaume and Rusu, Andrei A and Milan, Kieran and Quan, John and Ramalho, Tiago and Grabska-Barwinska, Agnieszka and {others} and Kirkpatrick, Scott and Jr., D Gelatt and Vecchi, Mario P and Kiros, Ryan and Zhu, Yukun and Salakhutdinov, Ruslan R and Zemel, Richard and Urtasun, Raquel and Torralba, Antonio and Fidler, Sanja and Knox, C K and Kolda, Tamara G and Bader, Brett W and Koller, Jost and Ulmke, Martin and Kolter, J Zico and Maloof, Marcus A and Kranen, Philipp and Assent, Ira and Baldauf, Corinna and Seidl, Thomas and Reidl, Felix and Villaamil, Fernando Sanchez and Seidl, Thomas and Kratz, Louis and Nishino, Ko and Krishnamurthy, Jayant and Kollar, Thomas and Mitchell, Tom M and Kristan, Matej and Leonardis, Ales Aleš and Sko{\v{c}}aj, Danijel and Leonardis, Ales Aleš and Krizhevsky, Alex and Sutskever, Ilya and Hinton, Geoffrey E and Kuehne, Hilde and Jhuang, Hueihan and Stiefelhagen, Rainer and Serre, Thomas and Kuhnt, Sonja and Rapallo, Fabio and Rehage, André and Kumar, Kiran Ahuja Manoj and Kuncheva, Ludmila I and Kuznetsova, Polina and Ordonez, Vicente and Berg, Alexander C and Berg, Tamara L and Choi, Yejin and Lafferty, John and McCallum, Andrew and Pereira, Fernando C N and Laird, John E and Mohan, Shiwali and Kirk, James and Langdon, W and Petke, J and Harman, M and Weimer, Westley and Lau, K-M. and Weng, Hengyi and Lau, Richard C and Woodward, T K and Le, Quoc V. and Mikolov, Tomas and Ranzato, Marc'Aurelio and Monga, Rajat and Devin, Matthieu and Chen, Kai and Corrado, Greg S and Dean, Jeffrey and Ng, Andrew Y AY Andrew and Lee, Hyungtae Honglak and Grosse, Roger and Ranganath, Rajesh and Ng, Andrew Y AY Andrew and Lee, Ryong and Sumiya, Kazutoshi and Wakamiya, Shoko and Sumiya, Kazutoshi and Li, Quannan and Zheng, Yi Yu and Xie, Xing and Chen, Yukun Yunqiang and Liu, Wenyu and Ma, Wei-Ying and Li, Xiaonan Rong and Jilkov, Vesselin P and Li, Chengkai and Yu, Cong and Li, Yuan Yaoyong Yazhe and Cunningham, Hamish and Liao, Lin and Fox, Dieter and Kautz, Henry and Liaw, Andy and Wiener, Matthew and Lin, Thomas and Etzioni, Oren and Liu, Hua and Brown, Donald E. and Liu, Tie-Yan and Xu, Jun and Qin, Tao and Xiong, Wenying and Li, Hang and Livny, Miron and Ramakrishnan, Raghu and Beyer, Kevin and Chen, Genshe Guangshun and Donjerkovic, Donko and Lawande, Shilpa and Myllymaki, Jussi and Wenger, Kent and Luong, Minh-Thang and Socher, Richard and Manning, CD Christopher D and Maaten, Laurens and Madnani, Nitin and Tetreault, Joel and Chodorow, Martin and Mahadevan, Vijay and Li, Weixin and Bhalodia, Viral and Vasconcelos, Nuno and Mahler, Ronald and Martinez, Matias and Monperrus, Martin and Weimer, Westley and Monperrus, Martin and Mattingley, John and Boyd, Stephen and McClosky, David and Charniak, Eugene and Johnson, Mark Matthew and McCord, Michael C and Murdock, J William and Boguraev, Branimir K and McGovern, Amy and Gagne II, David J. and Williams, John K and Brown, Rodger A. and Basara, Jeffrey B and Hiers, Nathan C. and Collier, Matthew and Gagne II, David J. and Brown, Rodger A. and John Gagne, David and Troutman, Nathaniel and Brown, Rodger A. and Basara, Jeffrey B and Williams, John K and Rosendahl, Derek H and Brown, Rodger A. and Supinie, Timothy a. and Gagne, I I and Collier, Matthew and Brown, Rodger A. and Basara, Jeffrey B and Williams, John K and Troutman, Nathaniel and Brown, Rodger A. and Williams, John K and Abernethy, Jennifer and Mehran, Ramin and Moore, Brian E and Shah, Mubarak and Meng, Na and Kim, Mingyu Miryung and McKinley, Kathryn S and Mesnil, Grégoire and Bordes, Antoine and Weston, Jason and Chechik, Gal and Bengio, Yoshua and M{\'{i}}guez, Joaquín and Bugallo, Mónica F and Djuri{\'{c}}, Petar M and Mikolov, Tomas and Chen, Kai and Corrado, Greg S and Dean, Jeffrey and Sutskever, Ilya and Chen, Kai and Corrado, Greg S and Dean, Jeffrey and Yih, Wen-tau and Zweig, Geoffrey and Miksik, Ondrej and Munoz, Daniel and Bagnell, J Andrew and Hebert, Martial and Mills, James N and Gage, Kenneth L and Khan, Ali S Asifullah and Mittal, Anurag and Davis, Larry S and Mnih, Volodymyr and Agapiou, John and Osindero, Simon and Graves, Alex and Vinyals, Oriol and Kavukcuoglu, Koray and {others} and Badia, Adria Puigdomenech and Mirza, Mehdi and Graves, Alex and Lillicrap, Timothy P and Harley, Tim and Silver, David and Kavukcuoglu, Koray and Heess, Nicolas and Graves, Alex and {others} and Mohamed, Thahir P and Hruschka Jr, Estevam R and Mitchell, Tom M and Montgomery, Douglas C and Mori, Shozo and Chang, Kuo-Chu and Chong, Chee-Yee and Moshtaghi, Masud and Havens, Timothy C and Bezdek, James C and Park, Laurence and Leckie, Christopher and Rajasegarar, Sutharshan and Keller, James M and Palaniswami, Marimuthu and Murphy, Kevin and Murrill, Steven R and Musicki, Darko and Evans, Robin and Nadeau, David and Sekine, Satoshi and Nakashole, Ndapandula and Tylenda, Tomasz and Weikum, Gerhard and Neville, Jennifer and Jensen, David and Friedland, Lisa and Hay, Michael and Ng, Brenda and Peshkin, Leonid and Pfeffer, Avi and Ngiam, Jiquan and Khosla, Aditya and Kim, Mingyu Miryung and Nam, Juhan and Lee, Hyungtae Honglak and Ng, Andrew Y AY Andrew and Norouzi, Mohammad and Bengio, Samy and Chen, Zhu Zhifeng and Jaitly, Navdeep and Schuster, Mike and Wu, Yonghui Ying and Schuurmans, Dale and Mikolov, Tomas and Bengio, Samy and Singer, Yoram and Shlens, Jonathon and Frome, Andrea and Corrado, Greg S and Dean, Jeffrey and Punjani, Ali and Fleet, David J and Nougues, Pierre-Olivier and Brown, Donald E. and Noulas, Anastasios and Mascolo, Cecilia and Frias-Martinez, Enrique and N{\"{u}}{\textbackslash}textbackslashs sler, D and Essen, H and von Wahl, N and Zimmermann, R and R{\"{o}}tzel, S and Willms, I and Oh, Sangmin and Hoogs, Anthony and Perera, Amitha and Cuntoor, Naresh and Chen, Chia-Chih and Lee, Jong Taek and Mukherjee, Saurajit and Aggarwal, J K and Lee, Hyungtae Honglak and Davis, Larry S and {others} and Okuma, Kenji and Taleghani, Ali and de Freitas, Nando and Little, James J and Lowe, David G and Oza, Nikunj C and {\"{O}}zdamar, Linet and Ertem, Mustafa Alp and Page, Blake and Parikh, Devi and Polikar, Robi and Park, Il and Paiva, António R C and DeMarse, Thomas B and Pr{\'{i}}ncipe, José C and Passos, Alexandre and Kumar, Vineet and McCallum, Andrew and Pearsall, Beth and Pelekis, Nikos and Kopanakis, Ioannis and Kotsifakos, Evangelos E and Frentzos, Elias and Theodoridis, Yannis and Perrizo, William K and Plaza, Antonio and Benediktsson, Jon Atli and Boardman, Joseph W and Brazile, Jason and Bruzzone, Lorenzo and Camps-Valls, Gustavo and Chanussot, Jocelyn and Fauvel, Mathieu and Gamba, Paolo and Gualtieri, Anthony and Polikar, Robi and Udpa, Lalita and Udpa, Satish and Honavar, Vasant and Pradhan, Sameer S and Ward, Wayne and Hacioglu, Kadri and Martin, James H and Jurafsky, Daniel and Prokaj, Jan and Duchaineau, Mark and Medioni, Gérard and Punnoose, Roshan and Crainiceanu, Adina and Rapp, David and Puranik, Sumedh and Tugnait, Jitendra K and Qiu, Weichao and Yuille, Alan and Raina, Rajat and Madhavan, Anand and Ng, Andrew Y AY Andrew and Ramachandran, Prajit and Liu, Peter J and Le, Quoc V. and Rashtchian, Cyrus and Young, Peter and Hodosh, Micah and Hockenmaier, Julia and Ratches, James A and Walters, C P and Buser, Rudolf G and Guenther, B D and Ratle, Frédéric and Camps-Valls, Gustavo and Weston, Jason and Reid, Donald B and Bryson, Robert G and Remez, Tal and Litany, Or and Giryes, Raja and Bronstein, Alex M and Rick, Tobias and Kuhlen, Torsten and Rifai, Salah and Dauphin, Yann N and Vincent, Pascal and Bengio, Yoshua and Muller, Xavier and Glorot, Xavier and Bengio, Yoshua and Rosenfeld, Richard and Fornango, Robert and Baumer, Eric and Roweis, Sam T and Saul, Lawrence K and Rui, Yong and Chen, Yukun Yunqiang and Ryan, David and Denman, Simon and Fookes, Clinton and Sridharan, Sridha and Rycroft, C H and Bazant, M Z and Saffari, Amir and Leistner, Christian and Santner, Jakob and Godec, Martin and Horst, Bischof and Salakhutdinov, Ruslan R and Hinton, Geoffrey E and Saleemi, Imran and Hartung, Lance and Shah, Mubarak and Saligrama, Venkatesh and Chen, Zhu Zhifeng and Salvaggio, Philip S and S{\'{a}}nchez, Jorge and Perronnin, Florent and Sanjeev Arulampalam, M and Maskell, Simon and Gordon, Neil J and Clapp, Tim and Satopaa, Ville and Albrecht, Jeannie and Irwin, David and Raghavan, Barath and Saul, Lawrence K and Roweis, Sam T and Sawant, Uma and Chakrabarti, Soumen and Schamburg, Jeffrey B. and Brown, Donald E. and Schaul, Tom and Horgan, Daniel and Gregor, Karol and Silver, David and Schmitz, Michael and Bart, Robert and Soderland, Stephen and Etzioni, Oren and {others} and Schoenberg, Frederic Paik and Brillinger, David R and Guttorp, Peter and Schuetz, Christopher A and Stein Jr, E Lee and Samluk, Jesse and Mackrides, Daniel and Wilson, John P and Martin, Richard D and Dillon, Thomas E and Prather, Dennis W and Schwenk, Holger and Rousseau, Anthony and Attik, Mohammed and Seide, Frank and Li, Gang and Yu, Dong and Seligman, M and Semerdjiev, Emil and Mihaylova, Ludmila and Li, Xiaonan Rong and Sheng, Xiaohong and Hu, Yu-Hen and Ramanathan, Parameswaran and Sheng, Yiqiang and Takahashi, Atsushi and Ueno, Shuichi and Shmueli, Galit and Burkom, Howard and Shrivastava, Ashish and Pfister, Tomas and Tuzel, Oncel and Susskind, Josh and Wang, Wenda and Webb, Russ and Shvaiko, P and Euzenat, J and Sidenbladh, Hedvig and Wirkander, Sven-Lennart and Silva, Jonathan A and Faria, Elaine R and Barros, Rodrigo C and Hruschka, Eduardo R and Carvalho, André C P L F de and Gama, João and Simon, Dan and Chia, Tien Li and Simonyan, Karen and Zisserman, Andrew and Singer, Robert A and Sea, Ronald G and Housewright, K and Skog, Isaac and Handel, Peter and Smith, Forrest A and Jacobs, Eddie L and Chari, Srikant and Brooks, Jason and Socher, Richard and Chen, Danqi and Manning, CD Christopher D and Ng, Andrew Y AY Andrew and Huval, Brody and Manning, CD Christopher D and Ng, Andrew Y AY Andrew and Lin, CC and Manning, CD Christopher D and Ng, Andrew Y AY Andrew and Perelygin, A and Wu, JY and Bauer, John and Manning, CD Christopher D and Ng, Andrew Y AY Andrew and Ganjoo, Milind and Sridhar, Hamsa and Bastani, Osbert and Manning, CD Christopher D and Ng, Andrew Y AY Andrew and Huang, Eric H and Pennin, Jeffrey and Manning, CD Christopher D and Ng, Andrew Y AY Andrew and Karpathy, Andrej and Le, Quoc V. and Manning, CD Christopher D and Ng, Andrew Y AY Andrew and Pennington, Jeffrey and Huang, Eric H and Ng, Andrew Y AY Andrew and Manning, CD Christopher D and Solmaz, Berkan and Moore, Brian E and Shah, Mubarak and Soomro, Khurram and Zamir, Amir Roshan and Shah, Mubarak and Srivastava, Nitish and Mansimov, Elman and Salakhutdinov, Ruslan R and Steinwart, Ingo and Hush, Don and Scovel, Clint and Stone, K and Keller, James M and Street, W Nick and Kim, YongSeog and Supinie, Timothy a. and McGovern, Amy and Williams, John K and Abernethy, Jennifer and Sutton, C and McCallum, Andrew and Sutton, Richard S. and Precup, Doina and Singh, Satinder and Szeto, Chi-Cheong and Hung, Edward and Deng, Yu and Talwalkar, Ameet and Kumar, Sanjiv and Rowley, Henry and Tenenbaum, Joshua B and De Silva, Vin and Langford, John C and Tessler, Chen and Givony, Shahar and Zahavy, Tom and Mankowitz, Daniel J and Mannor, Shie and Thom, Dennis and Bosch, Harald and Koch, Steffen and Worner, Michael and Ertl, Thomas and Tisdale, John and Kim, Zuwhan and Hedrick, J and Torralba, Antonio and Fergus, Robert and Freeman, William T and Weiss, Yair and Torrence, Christopher and Compo, Gilbert P and Toubman, Armon and Roessingh, Jan Joris and Spronck, Pieter and Plaat, Aske and van den Herik, H J and Tresp, Volker and Bundschus, Markus and Rettinger, Achim and Huang, Yi and Trickey, Evan and Church, Philip and Cao, Xiaoying and Tsifouti, ANASTASIA and Uijlings, Jasper R R and van de Sande, Koen E A and Gevers, Theo and Smeulders, Arnold W M and Ulmke, Martin and Koch, W and Unkel, Steffen and Farrington, C and Garthwaite, Paul H and Robertson, Chris and Andrews, Nick and van de Sande, Koen E A and Uijlings, Jasper R R and Gevers, Theo and Smeulders, Arnold W M and van den Oord, Aaron Aäron and Dieleman, Sander and Zen, Heiga and Simonyan, Karen and Vinyals, Oriol and Graves, Alex and Kalchbrenner, Nal and Senior, Andrew and Kavukcuoglu, Koray and Espeholt, Lasse and Vinyals, Oriol and Graves, Alex and {others} and van der Maaten, Laurens and Varoujan K, Sissakian and Nadhir, Al-Ansari and Sven, Knutsson and Venugopalan, Subhashini and Xu, Huijuan and Donahue, Jeff and Rohrbach, Marcus and Mooney, Raymond J and Saenko, Kate and Vermaak, Jaco and Doucet, Arnaud and P{\'{e}}rez, Patrick and Godsill, Simon J and Perez, Patrick and Vinyals, Oriol and Bengio, Samy and Kudlur, Manjunath and Vo, Nhat and Vo, Duc and Challa, Subhash and Moran, Bill and Vogels, Warner and Wakamiya, Shoko and Lee, Ryong and Sumiya, Kazutoshi and Wallach, Hanna M and Walsh, William F and Wang, Cheng-Jun and Wu, Lingfei and Zhang, Jiang Jiong and Janssen, Marco A and Wang, Heng Haixun Haichao and Fan, Wei and Yu, Philip S and Han, Jefferson Y Jiawei and Kl{\"{a}}ser, Alexander and Schmid, Cordelia and Liu, Cheng-Lin and Wang, Jun Jingdong Jianfeng and Wang, Jun Jingdong Jianfeng and Yu, Nenghai and Li, Shipeng and Wang, Qifan and Zhang, Dell Dan and Si, Luo and Wang, Xiaofeng and Brown, Donald E. and Gerber, Matthew S and Brown, Donald E. and Wang, Zhaowen Ziyu and Schaul, Tom and Hessel, Matteo and van Hasselt, Hado and Lanctot, Marc and de Freitas, Nando and Waske, Björn and Benediktsson, Jon Atli and Weisburd, David and Mastrofski, Stephen D and McNally, Ann and Greenspan, Rosann and Willis, James J and Weiss, Yair and Torralba, Antonio and Fergus, Robert and Weston, Jason and Bordes, Antoine and Yakhnenko, Oksana and Usunier, Nicolas and Chopra, Sumit and Bordes, Antoine and Ratle, Frédéric and Mobahi, Hossein and Collobert, Ronan and White, Bebo and Wikner, David and Wu, Bo and Nevatia, Ramakant and Wulfmeier, Markus and Ondruska, Peter and Posner, Ingmar and Xing, Junliang and Ai, Haizhou and Lao, Shihong and Xu, Huijuan and Venugopalan, Subhashini and Ramanishka, Vasili and Rohrbach, Marcus and Saenko, Kate and Xu, Kelvin and Ba, Jimmy and Kiros, Ryan and Courville, Aaron and Salakhutdinov, Ruslan R and Zemel, Richard and Bengio, Yoshua and Xu, Xin Xiaowei and Xue, Nianwen and Palmer, Martha and Yan, Zhixian and Giatrakos, Nikos and Katsikaros, Vangelis and Pelekis, Nikos and Theodoridis, Yannis and Yang, Chun and Bakich, Michael and Blasch, Erik and Ye, Yang and Zheng, Yi Yu and Chen, Yukun Yunqiang and Feng, Jianhua and Xie, Xing and {Yi Wu} and Yosef, Mohamed Amir and Bauer, Sandro and Hoffart, Johannes and Spaniol, Marc and Weikum, Gerhard and You, Quanzeng and Jin, Hailin and Wang, Zhaowen Ziyu and Fang, Chen and Luo, Jiebo and Yu, Dong and Deng, Li and Yu, Tsz-Ho and Kim, Tae-Kyun and Cipolla, Roberto and Yuan, Xianghui and Han, Chongzhao and Duan, Zhansheng and Lei, Ming and Zhang, Dell Dan and Wang, Jun Jingdong Jianfeng and Cai, Deng and Lu, Jinsong and Zhang, Jiang Jiong and Hsu, Wynne and Lee, Mong Li and Zulkernine, Mohammad and Haque, Anwar and Zhang, Lizhu and Li, Yuan Yaoyong Yazhe and Nevatia, Ramakant and Zheng, Yi Yu and Liu, Qi and Chen, Enhong and Ge, Yong and Zhao, J Leon and Zhang, Lizhu and Xie, Xing and Ma, Wei-Ying and Zliobaite, Indre and Kuncheva, Ludmila I and Zou, Will Y and Socher, Richard and Cer, Daniel M and Manning, CD Christopher D},
    isbn = {978-1-4673-3076-3},
    doi = {10.1016/S0004-3702(99)00052-1},
    issn = {00043702},
    arxivId = {arXiv:1303.5778v1},
    keywords = {(Mathematics), 004, ANCIENT philosophy, Aerodynamics, Animals, Anomaly Detection, Artificial Intelligence (incl. Robotics), BIG, BIG data, Bayes methods, Bayesian approach, Bio-inspired flocking model, COMMUNICATION of technical information, CYBERSPACE, Chemistry and Earth Sciences, Clutter, Computational Intelligence, Computer Science, Computer Science - Artificial Intelligence, Computer Science - Computation and Language, Computer Science - Computer Vision and Pattern Rec, Computer Science - Information Retrieval, Computer Science - Learning, Computer Science - Neural and Evolutionary Computi, Computer Science - Robotics, Computer Science - Software Engineering, Computing Methodologies, Conferences, DATA mining, DNI goals, Data Mining and Knowledge Discovery, Data clustering, Data mining, Data stream clustering, Data streams, Database Management, Databases, Decision trees, Density measurement, Density-based clustering, Detectors, Discrete event simulation, Environmental factors, Filters, Floods, Gaussian sum approximations, Guidelines, Hierarchical planning, Historical developments, INFORMATION technology, INTERNET, Image Processing and Computer Vision, Information Storage and Retrieval, Information Systems Applications (incl. Internet), Intra-option learning, King-Sun Fu prize, Law enforcement, Layout, Logic programming, Logic testing, Macroactions, Macros, Markov decision processes, Measurement standards, Microprocessors, Missiles, Modeling, OWL, Ontologies, Options, Particle filters, Personal digital assistants, Perspectives on clustering, Physics, Probabilistic logic, RDF triple store, Radar tracking, Radio frequency, Random forests, Real time systems, Receivers, Regression, Reinforcement learning, Relational learning, Resource description framework, Roads, Robustness, Sampling methods, Semantic heterogeneity, Semantics, Semi-Markov decision processes, Sensor phenomena and characterization, Sensor systems and applications, Space technology, Spatiotemporal data mining, Spatiotemporal phenomena, Stability, Statistics, Statistics - Machine Learning, Statistics for Engineering, Storms, Subgoals, Systems engineering and theory, TECHNE (Philosophy), TECHNOLOGICAL innovations, Temporal abstraction, Thesauri, Tornadoes, Tracking, Turbulence, User’s dilemma, Vehicle dynamics, Vocabulary, Vulnerability Assessment, WAVELETS, WAVELETS (Mathematics), asymptotic analysis, camera movements, cameras, classification, clutter notch, data mining, data usability, distributed, dynamic analysis, dynamic program analysis, event detection, exploit prevention, future challenges, general, ground moving target tracking, haveread, image sensors, image sequences, instrumentation, interacting multiple model, interaction effects, iterative filter equations, iterative methods, learning (artificial intelligence), learning ensembles, location-finding, machine learning, nell, object detection, object occlusions, object-specific detector, online clustering, online learning, ontologies (artificial intelligence), ontology, ontology alignment, ontology matching, optimisation, optimization, pRDF, peasoup, performance profiling, printed, probability, probability estimation trees, quantum, radio receivers, real-world data sets, relational databases, road map, rules, scalable, schema matching, security testing, semantic technologies, sensor placement, sensor target, sensors, simulation, spatiotemporal, spatiotemporal relational probability trees, state dependent detection probability, state of the art challenges, static analysis, statistical relational data mining, stream data, superheterodyne receivers, superheterodyne surveillance receivers, surveillance, target dynamics, target tracking, tensor, terrain obstacles, tracking-modeling-detection, trees (mathematics), unstable tracking, variable importance, video sequences, video signal processing, visual tracking}
}

@article{Mikolov2000DistributedCompositionality,
    title = {{Distributed Representations ofWords and Phrases and their Compositionality}},
    year = {2000},
    journal = {CrossRef Listing of Deleted DOIs},
    author = {Mikolov, Tomas and Chen, Kai and Corrado, Greg and Dean, Jeffrey},
    isbn = {2150-8097},
    doi = {10.1162/jmlr.2003.3.4-5.951},
    issn = {0003-6951},
    pmid = {903},
    arxivId = {1310.4546}
}

@inproceedings{Bafna2016DocumentApproach,
    title = {{Document clustering: TF-IDF approach}},
    year = {2016},
    booktitle = {International Conference on Electrical, Electronics, and Optimization Techniques, ICEEOT 2016},
    author = {Bafna, Prafulla and Pramod, Dhanya and Vaidya, Anagha},
    isbn = {9781467399395},
    doi = {10.1109/ICEEOT.2016.7754750},
    keywords = {TF-IDF, clustering, entropy, fuzzy k-means, hierarchical, silhouette coefficient}
}

@article{Sabour2017DynamicCapsules,
    title = {{Dynamic Routing Between Capsules}},
    year = {2017},
    author = {Sabour, Sara and Frosst, Nicholas and Hinton, Geoffrey E},
    month = {10},
    url = {http://arxiv.org/abs/1710.09829},
    arxivId = {1710.09829}
}

@article{Fernandez2014EfficientStreams,
    title = {{Efficient RDF Interchange (ERI) Format for RDF Data Streams}},
    year = {2014},
    journal = {The Semantic Web – ISWC 2014. Lecture Notes in Computer Science. Volume 8797},
    author = {Fernandez, Javier D and Llaves, Alejandro and Corcho, Oscar},
    isbn = {9783319119144},
    doi = {10.1007/978-3-319-11915-1{\_}16},
    issn = {16113349}
}

@article{Milo2015EnlistingCrowd,
    title = {{Enlisting the power of the crowd}},
    year = {2015},
    journal = {Communications of the ACM},
    author = {Milo, Tova},
    isbn = {2212-2761 (Print)2212-2761 (Linking)},
    doi = {10.1145/2845614},
    issn = {00010782},
    pmid = {25854518}
}

@misc{Morstatter2013EprintArXiv:1306.5204,
    title = {{eprint arXiv:1306.5204}},
    year = {2013},
    booktitle = {Is the Sample Good Enough? Comparing Data from Twitter's Streaming API with Twitter's Firehose},
    author = {Morstatter, Fred and Pfeffer, Jürgen and Liu, Huan and Carley, Kathleen M},
    keywords = {Physics and Society, Social and Information Networks, Twitter, Vidi, Vidi - Methodiek}
}

@article{Hoang2016FCCF:Data,
    title = {{FCCF: forecasting citywide crowd flows based on big data}},
    year = {2016},
    journal = {Proceedings of the 24th ACM SIGSPATIAL International Conference on Advances in Geographic Information Systems - GIS '16},
    author = {Hoang, Minh X. and Zheng, Yu and Singh, Ambuj K.},
    isbn = {9781450345897},
    doi = {10.1145/2996913.2996934},
    issn = {16130073},
    arxivId = {arXiv:1603.07016v1},
    keywords = {spatio-temporal data mining, urban computing}
}

@incollection{Sigala2015GamificationTourism,
    title = {{Gamification for crowdsourcing marketing practices: Applications and benefits in tourism}},
    year = {2015},
    booktitle = {Advances in Crowdsourcing},
    author = {Sigala, Marianna},
    isbn = {9783319183411},
    doi = {10.1007/978-3-319-18341-1{\_}11},
    keywords = {Applications, Benefits, Crowdsourcing, Funware, Game mechanics, Gamification, Marketing, Motivation, Tourism}
}

@inproceedings{Golubev2016GeospatialDevelopment,
    title = {{Geospatial Data Generation and Preprocessing Tools for Urban Computing System Development}},
    year = {2016},
    booktitle = {Procedia Computer Science},
    author = {Golubev, Alexey and Chechetkin, Ilya and Parygin, Danila and Sokolov, Alexander and Shcherbakov, Maxim},
    doi = {10.1016/j.procs.2016.11.026},
    issn = {18770509},
    keywords = {GIS, geospatial data, public transportation network design, route planning, urban computing, urban development}
}

@article{Losch2012GraphData,
    title = {{Graph Kernels for RDF Data}},
    year = {2012},
    journal = {The Semantic Web: Research and Applications},
    author = {L{\"{o}}sch, Uta and Bloehdorn, Stephan and Rettinger, Achim},
    isbn = {978-3-642-30284-8},
    doi = {10.1007/978-3-642-30284-8{\_}16}
}

@article{Zou2017Graph-BasedManagement,
    title = {{Graph-Based RDF Data Management}},
    year = {2017},
    journal = {Data Science and Engineering},
    author = {Zou, Lei and {\"{O}}zsu, M. Tamer},
    isbn = {4101901600},
    doi = {10.1007/s41019-016-0029-6},
    issn = {2364-1185}
}

@article{Prieto2017Graph2Vec,
    title = {{Graph2Vec}},
    year = {2017},
    journal = {CEUR Workshop Proceedings},
    author = {Prieto, Luis P. and Rodr{\'{i}}guez-Triana, María Jesús and Kusmin, Marge and Laanpere, Mart},
    isbn = {9781450321389},
    doi = {10.1145/1235},
    issn = {16130073},
    pmid = {214160309},
    arxivId = {arXiv:1603.07016v1},
    keywords = {Multimodal learning analytics, Multimodal teaching analytics, STEM education, Sensors, Smart classroom, Smart school}
}

@article{Wu2008InterpretingDecisions,
    title = {{Interpreting TF-IDF term weights as making relevance decisions}},
    year = {2008},
    journal = {ACM Transactions on Information Systems},
    author = {Wu, Ho Chung and Luk, Robert Wing Pong and Wong, Kam Fai and Kwok, Kui Lam},
    isbn = {1046-8188},
    doi = {10.1145/1361684.1361686},
    issn = {10468188}
}

@inproceedings{Grover2016Node2vec,
    title = {{node2vec}},
    year = {2016},
    booktitle = {Proceedings of the 22nd ACM SIGKDD International Conference on Knowledge Discovery and Data Mining - KDD '16},
    author = {Grover, Aditya and Leskovec, Jure},
    isbn = {9781450342322},
    doi = {10.1145/2939672.2939754},
    issn = {2154-817X},
    pmid = {27853626},
    arxivId = {1607.00653}
}

@inproceedings{Grover2016Node2vecb,
    title = {{node2vec}},
    year = {2016},
    booktitle = {Proceedings of the 22nd ACM SIGKDD International Conference on Knowledge Discovery and Data Mining - KDD '16},
    author = {Grover, Aditya and Leskovec, Jure},
    isbn = {9781450342322},
    doi = {10.1145/2939672.2939754},
    issn = {2154-817X},
    pmid = {27853626},
    arxivId = {1607.00653}
}

@article{Grover2016Node2Vec:ScalableNetworks,
    title = {{Node2Vec:Scalable Feature Learning for Networks}},
    year = {2016},
    journal = {Proceedings of the 22nd ACM SIGKDD International Conference on Knowledge Discovery and Data Mining - KDD '16},
    author = {Grover, Aditya and Leskovec, Jure},
    isbn = {9781450342322},
    doi = {10.1145/2939672.2939754},
    arxivId = {1607.00653},
    keywords = {feature learning, information networks, node embed-}
}

@article{Zhang2016PCTNetworks,
    title = {{PCT : Partial Co-Alignment of Social Networks}},
    year = {2016},
    journal = {Proceedings of the 25th international conference on World Wide Web},
    author = {Zhang, Jiawei and Yu, Philip S},
    isbn = {9781450341431},
    doi = {10.1145/2872427.2883038},
    pmid = {A4F849E9-2772-472B-ADD8-7B40050EEA5C},
    keywords = {data mining, multiple heterogeneous social net-, partial network co-alignment, unsupervised learning, works}
}

@inproceedings{Luxen2011Real-timeData,
    title = {{Real-time routing with OpenStreetMap data}},
    year = {2011},
    booktitle = {Proceedings of the 19th ACM SIGSPATIAL International Conference on Advances in Geographic Information Systems - GIS '11},
    author = {Luxen, Dennis and Vetter, Christian},
    isbn = {9781450310314},
    doi = {10.1145/2093973.2094062}
}

@inproceedings{Henderson2012RolX,
    title = {{RolX}},
    year = {2012},
    booktitle = {Proceedings of the 18th ACM SIGKDD international conference on Knowledge discovery and data mining - KDD '12},
    author = {Henderson, Keith and Gallagher, Brian and Eliassi-Rad, Tina and Tong, Hanghang and Basu, Sugato and Akoglu, Leman and Koutra, Danai and Faloutsos, Christos and Li, Lei},
    isbn = {9781450314626},
    doi = {10.1145/2339530.2339723},
    issn = {00319007},
    pmid = {24782067},
    arxivId = {1011.1669}
}

@misc{TLC2016TLCData,
    title = {{TLC Trip Record Data}},
    year = {2016},
    booktitle = {NYC Taxi{\&}Limousine Commission},
    author = {{TLC}}
}

@inproceedings{Jae-GilLeeandKyu-YoungWhang2007TrajectoryFramework,
    title = {{Trajectory Clustering: A Partition-and-Group Framework}},
    year = {2007},
    booktitle = {SIGMOD'07},
    author = {Jae-Gil Lee  and Kyu-Young Whang, Jiawei Han},
    isbn = {1595936866; 9781595936868},
    doi = {10.1145/1247480.1247546},
    issn = {07308078},
    keywords = {Partition-and-group framework, trajectory clusteri}
}

@inproceedings{Paraskevopoulos2017TweeLoc:Fine-grain,
    title = {{TweeLoc: A system for geolocalizing tweets at fine-grain}},
    year = {2017},
    booktitle = {IEEE International Conference on Data Mining Workshops, ICDMW},
    author = {Paraskevopoulos, Pavlos and Pellegrini, Giovanni and Palpanas, Themis},
    isbn = {9781538614808},
    doi = {10.1109/ICDMW.2017.169},
    issn = {23759259},
    keywords = {Geolocation, Geotag, Social networks, Twitter, Visualization}
}

@article{Ramos2003UsingQueries,
    title = {{Using TF-IDF to Determine Word Relevance in Document Queries}},
    year = {2003},
    journal = {Proceedings of the first instructional conference on machine learning},
    author = {Ramos, Juan},
    doi = {10.1.1.121.1424}
}